4784 6256
170 286 247 366 416
754 276 876 350 rum.
902 274 1015 348 Mur..
1048 267 1250 345 SCRIPTA
1276 254 1611 338 rfflnouoolca.
2132 269 2213 343 416

174 462 284 533 tiosos
299 456 454 549 puniunt
480 466 514 522 et
538 452 686 543 ignavos
711 448 831 519 etiam.
883 447 1008 516 Tertio
1025 442 1160 514 habent
1212 454 1272 511 tur
1286 439 1439 528 frigore,
1463 437 1546 529 quia
1568 448 1619 506 est
1635 434 1766 504 animal
1790 435 1926 528 alioqui
1940 437 2112 529 frigidum
2131 442 2210 514 sine

172 561 435 640 fortitudinem,
461 554 543 650 quia
561 553 732 622 acerrime
748 551 932 632 dimicant,
949 553 1038 619 sicut
1053 558 1159 637 poeta
1216 540 1400 633 sanguine.

173 663 310 757 inquit:
337 661 486 728 Animas
503 658 540 725 in
557 656 702 725 vulnere
718 655 899 747 linquunt.
947 651 1039 723 Sunt
1053 649 1160 717 etiam
1315 641 1375 712 Vs.
1392 640 1454 710 36.
1471 636 1586 737 Calor]
1610 640 1692 733 quia
1711 651 1763 708 est
1777 652 1927 710 naturae
1942 643 2083 726 aeriae,
2110 646 2211 717 ideo-

176 764 331 854 lrugales
349 774 384 828 et
399 772 637 851 temperantes
653 759 859 827 admodum.
886 754 979 825 Nam
994 753 1164 842 ignorant
1216 768 1284 840 que
1301 744 1403 812 facile
1418 742 1620 813 resolvitur.
1969 739 1973 749 '

176 867 375 944 Venerem,
405 872 601 930 nascuntur
621 861 697 931 sine
720 858 921 928 concubitu.
982 854 1164 943 Colligunt
1316 845 1455 916 Vs.39.
1481 839 1630 941 bittunt]
1657 843 1791 923 idest,
1826 845 2015 937 diligenter
2042 852 2211 923 muniant

180 967 275 1038 euim
302 987 443 1045 rorem,
471 976 506 1030 et
527 963 628 1031 illum
652 986 771 1031 rorem
797 960 1017 1028 transferunt
1038 956 1076 1023 in
1100 956 1164 1022 do·
1215 973 1296 1018 suas
1331 949 1577 1017 domunculas.
1653 941 1803 1043 bittunt]
1843 949 1880 1014 id
1916 962 1986 1029 est,
2029 953 2209 1024 oblinunt.

174 1066 382 1146 munculos,
409 1078 445 1133 et
459 1065 630 1133 incubant
644 1077 685 1134 ut
699 1087 793 1133 aves.
844 1060 901 1129 Er
917 1061 980 1128 illo
1009 1081 1091 1126 rore
1113 1057 1164 1148 gi·
1217 1045 1321 1147 Ores]
1363 1050 1400 1118 id
1431 1062 1500 1130 est,
1527 1042 1664 1116 rimas.'
1776 1044 1880 1147 Fure]
1915 1052 1951 1120 id
1979 1066 2050 1135 est,
2087 1057 2229 1150 aliqua„

176 1168 297 1262 guitur
314 1167 548 1247 vermiculus,
576 1190 618 1234 ex
637 1192 710 1258 quo
725 1167 764 1233 fit
781 1163 869 1254 apis.
1215 1165 1317 1243 parte
1340 1153 1425 1220 favi.
1476 1151 1568 1221 Nam
1583 1148 1683 1216 varia
1711 1163 1795 1218 sunt
1819 1176 1928 1242 opera
1955 1157 2090 1240 mellis,
2127 1162 2210 1242 mel,

276 1266 337 1337 Vs.
354 1268 389 1337 6.
419 1272 464 1336 In
484 1273 579 1337 tenui
599 1269 709 1357 labor]
742 1267 778 1335 id
803 1278 874 1348 est,
916 1276 1163 1355 argumentum
1217 1280 1323 1336 cera,
1345 1267 1380 1322 et
1405 1265 1528 1344 postea
1554 1252 1703 1321 crassius
1726 1254 1909 1346 quiddam.
1977 1256 2074 1327 Haec
2099 1261 2207 1330 etiam

176 1384 228 1442 est
249 1382 375 1450 tenue,
414 1370 574 1438 sednon
599 1382 650 1438 est
684 1369 801 1440 tenuis
826 1369 929 1437 labor
951 1368 1011 1434 illa
1036 1387 1165 1433 ornare
1217 1382 1260 1426 ex
1302 1356 1493 1425 Aristotele
1507 1355 1539 1447 ⁴)
1577 1356 1730 1443 petenda
1764 1369 1867 1437 sunt,
1910 1357 1973 1450 qui
2007 1362 2205 1432 admodum

177 1472 305 1543 verbis.
1216 1459 1284 1529 fuit
1300 1459 1450 1548 diligens
1467 1458 1505 1524 in
1520 1457 1757 1546 descriptione
1774 1482 1900 1548 apum;
1933 1460 2017 1528 item
2041 1488 2082 1531 ex
2101 1463 2209 1534 Colu-

278 1570 341 1642 Vs.
359 1572 394 1642 8.
421 1568 614 1668 Principio]
641 1572 696 1640 De
713 1572 813 1653 loco,
840 1569 901 1639 ubi
917 1569 989 1638 sint
1011 1568 1164 1636 alvearia
1218 1561 1337 1640 mella,
1365 1560 1424 1652 qui
1440 1559 1506 1629 suit
1523 1557 1739 1647 diligentior.

182 1677 402 1749 collocanda.
1321 1660 1381 1730 Vs.
1400 1660 1461 1731 40.
1485 1654 1653 1755 astruere]
1679 1660 1801 1740 idest,
1828 1659 1956 1730 officia.

276 1776 338 1846 Vs.
360 1776 396 1847 9.
434 1770 568 1872 Ventis]
604 1775 686 1867 quia
718 1784 844 1841 ventus
872 1771 1031 1861 dissipat.
1089 1769 1166 1859 Ego
1321 1761 1380 1832 Vs.
1400 1762 1460 1832 41.
1492 1756 1605 1857 Virro]
1634 1760 1745 1852 Vogel
1761 1762 1867 1853 leym.

178 1881 253 1973 ipse
269 1878 361 1960 vidi,
389 1879 573 1970 quomodo
596 1876 789 1943 veniebant
811 1898 896 1964 apes
920 1874 1047 1941 obviae
1076 1872 1167 1954 aliis,
1321 1864 1380 1934 Vs.
1398 1859 1459 1935 45.
1489 1857 1637 1958 debitia]
1663 1864 1700 1930 id
1718 1876 1788 1945 εει,
1816 1863 1980 1931 alvearia.

181 1995 217 2051 et
234 1993 371 2072 partem
390 1978 510 2048 oneris
523 1979 562 2046 in
577 2001 613 2046 se
630 1976 904 2045 transferebant.
1322 1965 1382 2036 Vs.
1402 1964 1462 2035 47.
1500 1956 1653 2060 Torum]
1676 1964 1820 2056 Eyben‚
1855 1964 1973 2047 idest,
2005 1987 2080 2032 non
2109 1966 2206 2034 acci-

280 2080 341 2150 Vs.
359 2081 417 2150 13.
444 2073 600 2175 taceat]
627 2078 771 2168 proprie
786 2076 913 2168 Eydes.
1220 2069 1297 2160 pias
1316 2082 1506 2136 venenatas
1525 2069 1683 2137 arbores.

277 2181 338 2253 Vs.
359 2180 417 2252 14.
439 2176 674 2276 Meropecque]
692 2180 855 2269 Merops,
874 2180 931 2246 ein
947 2178 1071 2267 goller.
1104 2174 1170 2245 Est
1321 2169 1383 2240 Vs.
1402 2168 1464 2239 48.
1485 2163 1569 2266 Ure]
1584 2171 1679 2260 Apes
1695 2193 1768 2238 non
1784 2182 1931 2258 possunt
1946 2169 2039 2237 ferre
2052 2169 2208 2238 fumum.

127 2345 138 2355 .
177 2287 255 2357 avis
277 2279 413 2354 habens
438 2297 560 2374 pectus
586 2283 849 2374 propemodum
873 2281 1029 2370 gilvum,
1055 2290 1090 2345 et
1113 2301 1169 2344 ca·
1323 2270 1454 2349 Vs‚.49.
1473 2274 1562 2342 Odor
1577 2266 1807 2368 eoenigreeie]
1823 2272 1934 2354 idest,
1947 2271 2208 2341 woesstinckt.

181 2402 247 2481 put
268 2386 477 2455 candidum.
1221 2371 1358 2456 Latini,
1396 2387 1437 2442 ut
1460 2370 1550 2441 mihi
1578 2374 1737 2457 videtur,
1770 2399 1879 2463 grave
1895 2376 1995 2444 olens
2022 2396 2086 2464 pro
2103 2373 2207 2440 omni

281 2487 342 2557 Vs.
362 2482 420 2557 15.
447 2479 645 2579 Promea]
669 2484 704 2549 id
731 2496 801 2563 est,
834 2479 1012 2562 hirundo,
1047 2479 1169 2561 idest,
1221 2475 1356 2543 foetore
1375 2487 1408 2545 et
1423 2477 1519 2543 malo
1535 2477 1646 2545 odore
1660 2488 1846 2566 usurpant.

180 2591 268 2662 istae
294 2613 397 2670 aves,
439 2613 530 2679 quae
560 2587 736 2652 devorant
763 2609 920 2662 muscas,
963 2581 1099 2663 absint,
1130 2593 1171 2650 ut
1320 2576 1384 2646 Vs.
1402 2575 1462 2648 50.
1500 2574 1755 2676 Saaoroaent]
1789 2579 1852 2648 ubi
1882 2590 1934 2648 est
1956 2574 2075 2660 Echo,
2109 2577 2209 2671 quia,

61 2739 69 2760 .
183 2703 266 2764 sunt
288 2712 472 2780 meropes,
504 2684 735 2768 hirundines,
771 2686 856 2753 item
878 2708 1028 2776 parrae,
1062 2706 1168 2774 parra
1223 2681 1368 2771 quando
1399 2680 1495 2770 ipsae
1517 2682 1691 2764 stridunt,
1731 2694 1815 2750 tunc
1836 2680 1998 2750 redditur
2019 2675 2139 2763 Echo,
2173 2693 2211 2749 et

185 2793 244 2863 ein
261 2791 402 2885 Meyse,
429 2789 516 2861 alias
533 2787 649 2879 parix.
1222 2779 1271 2846 ita
1298 2783 1566 2872 perturbantur.
1632 2783 1725 2854 Nam
1754 2806 1882 2851 sonum
1915 2795 2132 2871 agnoscunt,
2175 2795 2212 2850 et

283 2892 343 2964 Vs.
364 2891 422 2961 19.
447 2884 610 2984 Fugiens]
638 2889 828 2978 Eleganter
844 2901 895 2957 est
917 2912 1020 2969 usus,
1047 2885 1085 2954 id
1107 2897 1170 2968 est,
1222 2905 1311 2949 sono
1329 2886 1508 2953 ducuntur
1523 2885 1641 2954 etiam.
1692 2883 1738 2952 Et
1754 2906 1972 2976 quamquam
1989 2878 2124 2949 habent
2141 2905 2212 2949 na-

187 2996 349 3068 celeriter
366 2995 570 3063 decurrens.
1222 2985 1356 3055 turales
1384 2986 1648 3068 inclinationes,
1683 2999 1801 3054 tamen
1834 2997 1887 3053 est
1911 3007 2053 3077 quoque
2086 2983 2126 3050 in
2154 2985 2212 3054 eis

283 3095 344 3164 Vs.
369 3095 430 3166 20.
463 3085 659 3185 Palmaque]
683 3091 914 3160 dattelbaum.
965 3087 1089 3156 Palma
1115 3111 1170 3154 ar·
1223 3088 1398 3178 quaedam
1417 3091 1571 3178 agnitio,
1604 3099 1643 3157 ut
1660 3087 1696 3155 in
1712 3087 1859 3156 caeteris
1874 3110 2017 3179 quoque
2039 3085 2227 3153 animali:

184 3200 272 3277 bor,
298 3198 343 3262 da
358 3196 416 3262 die
441 3193 562 3260 datteli
581 3193 658 3258 autl'
670 3188 851 3261 wachseu.
931 3191 1106 3259 otumtrec
1122 3189 1170 3282 1’)]
1223 3188 1308 3269 bus,
1335 3189 1426 3258 sicut
1440 3191 1478 3258 in
1491 3191 1617 3274 asinis,
1640 3192 1683 3259 de
1700 3189 1827 3283 quibus
1843 3187 1965 3258 scribit
1978 3182 2210 3272 Plutarchus,

184 3298 222 3367 id
250 3290 501 3386 est,·quaudo
536 3291 787 3380 egrediuntur,
823 3287 980 3358 habeant
1012 3291 1169 3381 aliquam
1223 3291 1322 3381 quod
1337 3293 1550 3363 memoriam
1569 3293 1688 3386 aliqua
1705 3317 1747 3360 ex
1763 3303 1864 3384 parte
1879 3286 2053 3371 habeant,
2078 3303 2114 3359 et
2127 3290 2208 3381 pul-

184 3397 365 3469 umbram.
1109 3388 1111 3394 ⁴
1223 3387 1345 3463 chrar‘u
1367 3389 1552 3463 historiam
1577 3395 1713 3465 recitat.
1772 3393 1903 3463 Scribit
1932 3393 2070 3462 asinum
2094 3415 2208 3484 quen·

286 3496 347 3567 Vs.
363 3491 424 3570 25.
439 3499 483 3567 la
499 3494 658 3587 medium]
682 3495 797 3576 idest,
814 3494 851 3561 in
866 3491 1021 3559 mediam
1039 3515 1169 3585 aquam
1222 3494 1304 3560 dam
1320 3496 1464 3565 solitum
1483 3521 1556 3566 esse
1571 3498 1664 3566 ferre
1677 3497 1776 3578 sales,
1804 3495 1963 3588 qui-cum
1979 3497 2023 3563 ad
2038 3495 2206 3584 paludem

183 3601 240 3672 vel
264 3613 458 3670 torrentem
481 3600 613 3668 colloca
640 3597 763 3667 salices
785 3608 822 3665 et
848 3594 1004 3684 lapides,
1047 3609 1087 3663 ut
1108 3591 1170 3662 ha·
1222 3596 1374 3667 venisset
1390 3599 1501 3680 forte,
1527 3624 1562 3668 se
1584 3600 1759 3668 immersit
1782 3622 1918 3691 aquae,
1944 3597 2062 3664 rolens
2084 3619 2205 3663 sevo-

182 3705 292 3774 beant
314 3728 397 3775 suos
421 3715 567 3793 pontes,
594 3701 631 3768 iu
652 3700 780 3791 quibus
801 3696 1010 3774 considant,
1037 3708 1072 3764 et
1093 3724 1170 3766 mu-
1221 3697 1348 3766 lutare.
1399 3700 1515 3769 Servit
1534 3714 1652 3770 autem
1668 3700 1779 3769 levari
1794 3725 1829 3769 se
1847 3723 1965 3768 onere.
2007 3695 2092 3765 Cum
2107 3694 2203 3764 sales

182 3819 246 3877 tuo
261 3832 297 3877 se
316 3805 502 3892 colligant,
529 3806 558 3871 si
576 3803 720 3892 quando
737 3800 915 3888 dispersae
931 3810 1023 3867 suut.
1222 3799 1370 3868 resoluti
1385 3814 1512 3883 essent,
1537 3817 1660 3895 postea
1677 3828 1755 3871 cum
1772 3825 1894 3871 rursus
1911 3801 1975 3869 iter
1992 3799 2124 3866 laceret
2137 3820 2207 3886 per

180 3975 185 3982 ,
286 3907 346 3976 Vs.
363 3907 424 3974 50.
442 3897 693 3998 Haeccircum]
711 3900 764 3969 De
781 3899 930 3989 pascuis.
1034 3894 1169 3994 dariae]
1223 3902 1373 3969 eundem
1401 3903 1537 3988 locum,
1563 3905 1614 3976 ibi
1635 3930 1671 3974 se
1696 3928 1838 3999 quoque
1865 3899 2055 3982 volutavit,
2094 3896 2208 3991 idque

182 4005 381 4087 Nescimus,
405 4004 491 4094 quid
508 4003 572 4081 sit;
597 4005 661 4070 das
679 3998 890 4094 manheysst
902 4001 1058 4071 Cassiam
1074 4003 1170 4072 fistu-
1221 4001 1324 4070 tertia
1344 4005 1419 4073 vice
1435 4007 1597 4080 iaciebat.
1632 4008 1793 4076 Tandem
1808 4006 2056 4096 imposuerunt
2070 4002 2102 4069 ei
2118 4025 2208 4092 pan·

182 4107 277 4186 lam,
303 4105 348 4174 ist
373 4104 431 4171 eiu
456 4105 567 4172 ander
583 4103 691 4195 Diug.
743 4105 866 4197 Aliqui
889 4105 1012 4174 dicunt
1034 4116 1170 4176 veteres
1221 4127 1330 4188 num,
1367 4120 1498 4179 etcum
1516 4111 1736 4180 solitomore
1754 4109 1791 4176 in
1809 4132 1902 4200 aqua
1923 4103 2207 4195 corpusvoluta·

183 4229 341 4288 vocasse,
358 4207 455 4298 quod
472 4229 538 4275 nos
552 4230 720 4275 vocamus
735 4230 886 4298 granum
898 4207 1071 4297 gnidium,
1087 4206 1171 4277 Kel·
1222 4220 1295 4290 ret,
1328 4212 1438 4280 sensit
1459 4213 1655 4303 plurimum
1677 4238 1714 4282 se
1736 4209 1898 4301 gravari,
1938 4231 2017 4276 cum
2040 4204 2209 4274 videlicet

182 4303 331 4390 lerbals,
364 4311 461 4400 quod
489 4333 553 4400 ego
578 4333 652 4378 nou
677 4322 765 4399 puto
788 4334 911 4379 verum
939 4335 1025 4381 esse.
1087 4310 1170 4381 Non
1221 4311 1331 4401 panni
1348 4308 1542 4382 humectati
1559 4327 1684 4384 essent.
1735 4311 1784 4381 Et
1804 4311 1968 4402 deinceps
1992 4332 2073 4376 cum
2096 4310 2210 4377 ferret

184 4410 347 4480 existimo
364 4407 460 4480 hunc
474 4411 599 4480 florem
617 4424 757 4500 gratum
775 4436 847 4480 esse
865 4413 1001 4502 apibus.
1221 4412 1329 4492 sales,
1355 4437 1430 4482 non
1453 4415 1606 4505 amplius
1627 4440 1701 4484 sese
1724 4413 1911 4484 volutavit.
1971 4406 2059 4478 Item
2085 4409 2208 4480 asinus

283 4509 414 4582 vett.
435 4507 639 4608 Thymbrae]
655 4509 854 4605 Thymbra,
871 4515 1038 4598 satureia,
1052 4515 1170 4584 cunila
1222 4513 1381 4600 agnoscit
1407 4510 1574 4600 herbam,
1615 4541 1705 4609 quae
1736 4529 1885 4585 vocatur
1916 4511 2209 4603 scolopendrion,

184 4610 279 4680 idem
298 4614 510 4703 significant,
525 4615 737 4685 Germanice
755 4616 954 4706 gartenkol.
986 4615 1169 4687 Interdum
1221 4614 1333 4681 veteri
1359 4617 1599 4707 appellatione
1632 4620 1829 4708 asplenum.
1904 4615 2024 4697 Hanc,
2059 4612 2207 4707 quaudo

183 4715 339 4782 cunilam
355 4727 390 4783 et
404 4717 596 4786 satureiam
613 4741 680 4806 pro
698 4719 847 4807 origano
864 4730 1056 4809 usurpant,
1084 4719 1168 4812 quia
1221 4717 1313 4784 male
1329 4717 1474 4788 affectus
1496 4733 1564 4803 est,
1592 4722 1751 4814 quaerit:
1780 4744 1863 4810 ergo
1887 4741 2027 4787 necesse
2051 4726 2100 4784 est
2120 4736 2209 4782 eum

185 4828 238 4886 est
253 4815 428 4910 quiddam
441 4817 555 4886 simile
573 4817 736 4907 origano.
1219 4813 1351 4887 habere
1373 4821 1582 4905 discrimen,
1617 4847 1689 4915 quo
1713 4823 1891 4891 discernat
1916 4843 1936 4886 a
1959 4817 2105 4912 reliquis
2121 4811 2211 4884 her·

283 4916 345 4988 Vs.
361 4917 424 4989 34.
460 4913 639 5015 alvearia]
681 4944 702 4987 a
728 4933 806 4990 ete
840 4918 1101 4990 contrahuntur
1131 4920 1169 4990 iu
1219 4919 1284 4989 bis.
1337 4921 1459 5013 Quare
1484 4949 1704 5020 quamquam
1729 4927 1766 4992 in
1791 4922 2032 4991 animantibus
2053 4931 2138 4990 sunt
2153 4918 2213 4984 in·

183 5040 292 5088 unam
309 5001 496 5112 syllabam,
519 5026 616 5114 quod
631 5020 777 5093 Graecis
792 5022 1061 5093 usitatissimum
1080 5036 1143 5093 est.
1220 5021 1448 5106 clinationes,
1477 5051 1569 5119 quae
1585 5040 1668 5097 sunt
1683 5026 1897 5119 principales
1913 5046 2058 5103 causae,
2080 5030 2214 5088 tamen

285 5118 347 5191 Vs.
362 5119 425 5193 35.
451 5118 600 5322 Mllml
629 5148 721 5193 vern
743 5124 802 5194 die
826 5119 949 5194 locher
973 5149 1019 5194 an
1041 5125 1169 5193 binen·
1220 5123 1354 5193 accedit
1382 5151 1524 5221 quoque
1550 5129 1698 5220 agnitio.
1750 5126 1808 5197 Sic
1828 5127 1866 5194 in
1890 5127 2015 5217 apibus
2032 5133 2082 5193 est
2101 5135 2214 5193 natu-

182 5220 356 5292 stteken...
442 5229 584 5315 Frigore
625 5223 727 5317 Ipsae
743 5251 827 5317 apes
839 5226 1005 5296 facillime
1021 5226 1168 5298 laedun·
1209 5226 1304 5295 'ralis
1326 5227 1532 5315 inclinatio,
1564 5246 1604 5303 ut
1627 5233 1760 5301 faciant
1783 5228 2036 5310 domunculas,
2069 5227 2135 5296 sed
2157 5238 2214 5294 ta·

185 5343 390 5521 Tpn—m—e]
410 5389 625 5452 sreca.1an.;
645 5390 695 5443 ra.
715 5393 851 5449 resana.
875 5392 990 5444 nome.
1191 5380 1196 5471 Ι
1224 5367 1427 5417 *⁵*-

213 5452 431 5521 termut]
448 5460 491 5511 alc
509 5459 558 5509 uo.
575 5459 667 5522 16115
685 5461 736 5512 tto.
755 5462 892 5526 Wagner.
909 5461 1063 5515 temeret.
1187 5474 1195 5519 ,ι
1254 5459 1284 5526 4)
1302 5462 1420 5516 Arlstot.
1438 5462 1512 5515 litet.
1531 5462 1641 5514 enimet.
1660 5459 1696 5522 V,
1711 5456 1752 5510 tt.
1771 5458 1820 5509 uc.
1841 5459 1997 5512 Semelder.
