4784 6256
183 285 261 362 sss
786 244 910 347 run..
943 269 1057 346 uun.
1090 267 1293 344 sonum
1323 261 1658 340 nnuouocica
2147 273 2231 354 ,ω

288 451 350 525 νε.
374 450 460 525 126.
499 446 718 538 Narcissum]
746 443 933 517 Narcissus
964 455 1016 513 εει
1046 442 1172 514 similis
1222 432 1374 522 knecht',
1415 436 1498 531 quia
1530 433 1569 504 in
1591 432 1697 505 Creta
1728 432 1889 525 primum
1911 434 2115 526 patefactae
2137 463 2226 522 sunt

184 561 240 631 illi
260 556 362 640 flori,
405 576 512 648 quam
535 575 602 621 nos
623 571 793 618 vocamus
821 541 1039 629 colchicum,
1078 556 1172 638 zeyt·
1225 562 1336 611 venae
1358 539 1462 610 aeris.
1517 534 1603 606 ldeo
1625 534 1734 604 etiam
1758 537 1900 626 fingunt
1926 552 2055 628 poetae
2073 544 2224 626 Curetas

186 663 310 745 losen,
363 644 416 726 εει
456 653 579 742 exigua
619 649 818 719 diversitas.
896 643 1102 718 colchicum
1134 647 1173 714 in
1224 641 1467 712 tintinnabula
1492 639 1716 731 pulsasse}
1768 638 2001 742 montania]
2028 647 2115 740 quia
2139 675 2224 748 aper

187 757 388 856 Septembri
405 755 545 847 prodit,
571 766 605 823 et
621 766 674 823 est
689 761 908 844 postremum
928 750 1090 820 omnium
1108 749 1173 817 flo-
1224 767 1300 814 non
1313 744 1429 814 solum
1445 738 1581 812 habent
1602 739 1739 823 visum,
1772 744 1835 809 sed
1860 744 1970 814 etiam
1995 751 2168 826 auditum
2184 771 2223 830 as

187 889 283 936 rum.
339 855 381 928 ln
401 879 480 926 mea
501 858 619 947 patria
644 866 697 925 est
717 854 955 936 consuetudo,
991 865 1032 921 ut
1051 851 1175 921 rustici
1226 846 1416 930 olfactum,
1449 847 1547 940 quod
1568 843 1653 913 inde
1682 842 1925 915 animadverti
1953 863 2094 938 potest,
2135 860 2223 952 quis

178 965 336 1037 ·veniant
367 959 407 1027 in
440 958 567 1029 urbem
611 958 731 1026 ornati
771 950 955 1039 colchico,
999 953 1175 1044 agitantes
1226 947 1397 1018 odoribus
1428 944 1635 1017 aromaticis
1666 943 1885 1035 eplasiorum
1910 963 1996 1021 sunt
2016 953 2222 1033 inimicissi-

186 1061 376 1146 eonvivia,
400 1072 436 1130 et
451 1061 576 1132 dicunt
592 1084 629 1131 se
645 1060 708 1127 illo
730 1058 818 1126 flore
839 1054 1001 1138 muneri,
1030 1068 1073 1126 ut
1092 1057 1174 1126 sub-
1225 1073 1326 1133 mae,
1351 1051 1432 1118 dem
1449 1041 1799 1140 apoteckergeruch,
1824 1062 1860 1120 ει
1883 1054 2030 1145 quando
2055 1058 2221 1136 incidunt

188 1179 273 1239 eant
295 1188 391 1232 nova
417 1186 539 1254 opera.
660 1162 825 1253 Amatis]
857 1153 1059 1228 Branchiae
1083 1158 1175 1228 ursi·
1226 1153 1265 1221 in
1281 1152 1416 1222 olentes
1440 1150 1616 1243 graviter,
1650 1161 1736 1219 tunc
1759 1152 1932 1224 acerrime
1959 1180 2021 1229 eos
2034 1179 2220 1256 pungunt3

187 1294 277 1354 nae,
301 1265 511 1337 berenktau.
681 1287 684 1290 ·
1225 1254 1385 1325 fortassis
1407 1254 1517 1323 etiam
1541 1264 1682 1343 gustum
1705 1248 1857 1339 habent,
1897 1257 1982 1350 quia
2009 1284 2087 1332 uon
2120 1268 2220 1338 colli.

287 1367 349 1440 Vs.
369 1362 453 1440 125.
479 1357 652 1460 nutatim]
679 1361 715 1431 id
734 1375 797 1445 εει,
823 1360 994 1446 Tarenti,
1021 1362 1106 1455 quia
1123 1372 1176 1432 est
1226 1369 1315 1449 gunt
1331 1379 1474 1426 succum
1492 1355 1627 1438 mellis,
1651 1353 1722 1426 nisi
1745 1378 1788 1426 ex
1803 1358 2011 1433 suavissime
2038 1365 2222 1442 olentibus.

181 1473 334 1544 condita
357 1465 448 1538 haec
465 1469 552 1539 urbs
574 1464 926 1548 aLacedaemoniis,
958 1462 1023 1558 qui
1044 1486 1175 1534 vocan-
1226 1456 1357 1529 herbis.

188 1588 249 1647 tur
263 1571 434 1646 Oebaliae
449 1571 494 1639 ab
508 1567 647 1637 Oebalo
662 1591 756 1657 rege.
1021 1587 1030 1607 .
1328 1559 1389 1630 Vs.
1405 1554 1490 1633 152.
1515 1563 1628 1633 Antra
1643 1557 1804 1660 Dictaeo]
1828 1563 1867 1633 id
1893 1579 1964 1652 est,
1988 1569 2028 1639 in
2047 1568 2165 1645 Creta.

291 1674 353 1745 Vs.
371 1673 456 1748 127.
483 1662 676 1763 Corycium]
703 1670 819 1751 idest,
840 1668 989 1739 militem
1007 1669 1174 1760 piratam.
1327 1660 1390 1732 Vs.
1408 1659 1492 1733 156.
1518 1658 1637 1761 Solae]
1664 1666 1702 1734 id
1725 1679 1797 1750 est,
1829 1664 1966 1759 Iupiter
1988 1674 2135 1745 ornavit
2149 1660 2223 1747 'eas

59 1862 62 1867 Ι
189 1779 283 1859 Nam
308 1773 503 1866 Pompeius
525 1774 624 1841 dedit
647 1770 773 1861 piratis
794 1792 910 1859 agros.
968 1768 1028 1842 lbi
1058 1768 1176 1863 inquit
1226 1762 1400 1835 industria
1416 1764 1587 1856 singulari
1598 1769 1840 1857 praecaeteris
1849 1771 2104 1860 animantibus,
2123 1776 2217 1847 sicut

190 1881 297 1951 fuisse
319 1877 469 1945 militem
493 1876 693 1968 quendam,
734 1871 796 1964 qui
818 1867 984 1942 habuerit
1002 1896 1174 1963 magnum
1226 1868 1339 1936 multa
1354 1866 1523 1936 animalia
1547 1870 1723 1960 quaedam
1746 1871 1937 1963 peculiaria
1954 1869 2098 1947 habent.
2150 1878 2219 1946 Pi-

191 1991 380 2075 qnaestum
394 2001 437 2047 ex
451 1972 559 2046 horto
574 1997 653 2045 suo.
703 1972 900 2043 Columella
925 1973 1033 2043 etiam
1052 1972 1176 2046 scribit
1225 1993 1286 2040 cus
1303 1979 1355 2052 est
1368 1966 1487 2060 imago
1504 1968 1637 2060 ingrati
1650 1973 1793 2059 mariti,
1818 1974 1899 2068 quia
1914 1976 2215 2057 subautumnum-

191 2081 373 2177 quendam
403 2074 696 2170 patremfamilias
725 2076 909 2169 reliquisse
933 2079 1073 2148 duobus
1093 2075 1175 2146 liliis
1227 2069 1322 2141 eiicit
1338 2070 1546 2163 coniugem,
1571 2096 1618 2143 ne
1636 2087 1784 2165 cogatur
1800 2100 1865 2169 per
1876 2072 2040 2171 hyemem
2055 2078 2220 2165 nutrire,

190 2207 341 2276 agrum,
364 2181 445 2251 illos
459 2192 577 2249 autern
595 2178 811 2248 convertisse
828 2201 952 2268 agrum
975 2179 1016 2248 in
1037 2174 1175 2261 hortos,
1226 2186 1348 2267 postea
1363 2173 1402 2242 in
1418 2197 1500 2243 vere
1516 2174 1643 2267 recipit
1657 2181 1704 2246 ad
1719 2201 1769 2249 se.
1818 2176 1906 2249 ltem
1924 2175 1995 2250 hoc
2015 2180 2127 2251 etiam
2150 2182 2217 2252 ob-

192 2299 229 2356 et
257 2281 451 2378 quotannis
482 2305 526 2350 ex
555 2279 626 2350 illis
654 2275 818 2350 habuisse
840 2284 1012 2352 ducentos
1034 2303 1175 2351 aureos.
1226 2277 1441 2349 servandum
1460 2289 1534 2362 est,
1560 2280 1659 2371 quod
1674 2278 1814 2371 apicula
1829 2295 1948 2374 potest
1964 2283 2085 2354 vivere
2098 2307 2214 2378 usque

191 2384 245 2457 lta
261 2408 413 2474 magnus
428 2385 608 2475 profectus
622 2392 675 2450 est
689 2404 732 2450 ex
748 2376 873 2452 hortis.
1226 2382 1273 2449 ad
1288 2377 1466 2448 decimum
1484 2403 1640 2466 annum,
1669 2384 1883 2473 regulariter
1902 2409 1964 2457 ser
1989 2409 2113 2460 anuos
2161 2384 2212 2456 Et

293 2485 359 2556 νε.
372 2486 456 2556 161.
487 2477 677 2577 ratenus]
704 2481 931 2555 Eisenkraul.
1019 2490 1176 2558 Vescunt-
1226 2480 1365 2553 nullum
1380 2479 1554 2553 insectum
1572 2485 1712 2555 tamdiu
1726 2487 1845 2558 durat.

182 2622 187 2641 -·
272 2589 444 2678 papam}
461 2587 498 2655 id
525 2597 599 2668 εει,
631 2584 826 2675 insipidum
853 2595 1002 2676 propter
1021 2587 1173 2657 nimiam
1325 2580 1387 2655 Vs.
1404 2581 1489 2657 154.
1517 2588 1669 2679 Habent]
1698 2586 1736 2657 id
1760 2602 1833 2674 εει,
1863 2584 1999 2661 habent
2019 2589 2212 2682 imaginem

217 2691 440 2761 umiditatem
458 2701 493 2756 et
506 2686 751 2778 frigiditatem.
1227 2683 1341 2756 civilis
1357 2685 1463 2760 vitae.
1554 2686 1723 2789 [Magnis]
1751 2691 1786 2760 id
1804 2704 1875 2776 est,
1900 2692 2146 2776 naturalibus,
2162 2689 2213 2761 sie

292 2789 354 2863 νε.
370 2789 455 2862 167.
481 2791 546 2861 flle
558 2784 702 2888 εὀηιαικ]
724 2787 785 2858 llle
801 2813 879 2860 mos
901 2786 1018 2860 adhuc
1043 2789 1176 2861 mansit
1225 2783 1349 2858 halten
1366 2784 1444 2859 ihre
1459 2790 1564 2880 leges.
1615 2790 1830 2863 Hominibus
1843 2794 1952 2862 etiam
1972 2808 2025 2865 εει
2039 2796 2215 2885 impressa

187 2894 229 2965 in
243 2891 366 2976 ltalia,
390 2907 430 2965 ut
444 2917 549 2985 saepe
567 2905 754 2964 vescantur
776 2888 915 2975 herbis,
940 2892 1032 2963 sicut
1050 2915 1176 2962 narra·
1227 2890 1303 2974 lex,
1326 2891 1389 2961 sed
1404 2892 1464 2960 illa
1482 2903 1535 2963 εει
1549 2894 1731 2984 corruptio
1747 2889 1955 2976 hominum,
1986 2906 2027 2963 ut
2046 2918 2123 2962 non
2149 2896 2217 2962 ob-

189 3009 251 3068 tur
265 2997 365 3065 iocus
382 2998 425 3064 de
439 2994 575 3086 pictore
590 2996 760 3089 quodam.
811 2991 897 3064 lsin
911 3005 1045 3064 aestate
1058 3018 1176 3064 come-
1227 3005 1428 3083 temperent
1440 2993 1510 3084 legi
1526 3007 1685 3064 naturae.
1723 2994 1876 3090 Reliqua
1891 2993 2088 3066 animantia
2101 2994 2218 3065 bruta

190 3100 295 3169 derat
312 3093 441 3164 herbas
462 3098 558 3185 apud
578 3120 682 3165 suurn
706 3096 894 3165 dominum
919 3095 958 3163 in
974 3092 1107 3181 ltalia,
1140 3109 1176 3165 ει
1228 3094 1348 3165 omnia
1365 3097 1614 3188 obtemperant
1627 3094 1762 3187 legibus
1778 3110 1941 3170 naturae.

192 3221 273 3267 cum
290 3196 439 3265 instaret
453 3190 599 3286 hyems,
624 3196 738 3266 voluit
750 3197 944 3268 discedere.
997 3190 1175 3270 Dominus
1327 3195 1389 3270 Vs.
1407 3193 1491 3270 156.
1539 3201 1784 3295 Vestamque]
1812 3199 1851 3270 id
1877 3211 1948 3283 εει,
1980 3210 2066 3270 sunt
2092 3196 2214 3290 provi·

190 3295 445 3383 interrogavit,
479 3294 567 3388 quid
588 3318 712 3366 causae
734 3294 903 3381 haberet,
936 3321 1000 3369 cur
1020 3300 1175 3371 discede·
1227 3302 1363 3371 dentes.

188 3409 259 3469 ret.
309 3392 372 3464 llle
386 3397 592 3486 respondit,
616 3392 708 3466 nihil
723 3400 940 3482 admodum,
965 3403 1027 3470 sed
1046 3403 1175 3487 vereri,
1326 3401 1387 3472 Vs.
1408 3399 1491 3473 156.
1535 3405 1721 3496 Vlclsshsid
1745 3416 1816 3489 est,
1854 3403 1976 3475 victui.
2027 3398 2212 3488 3Descrit>is

190 3498 277 3594 quia
309 3520 375 3589 per
407 3510 575 3569 aestatem
609 3495 737 3571 herbas
771 3501 1007 3586 comedisset,
1057 3528 1103 3574 ue
1136 3505 1175 3574 in
1225 3504 1298 3572 iam
1330 3504 1573 3575 diversitatem
1606 3531 1776 3598 operum,
1816 3506 1909 3576 aliae
1933 3504 2069 3576 faciunt
2094 3503 2212 3585 mella,

45 3678 49 3687 ,
190 3597 319 3696 hyeme
334 3601 480 3671 foenum
497 3604 602 3673 edere
617 3616 816 3694 cogeretur.
1227 3606 1319 3676 aliae
1333 3602 1516 3676 advehunt
1531 3634 1695 3692 succum,
1720 3608 1811 3679 aliae
1827 3609 1990 3679 exctmias
2003 3618 2123 3698 agunt.

292 3701 354 3776 Vs.
373 3702 458 3776 141.
485 3708 611 3799 Pinnas]
636 3704 761 3787 idest,
786 3730 895 3775 nuces
911 3703 1046 3797 pineas.
1325 3708 1387 3778 Vs.
1408 3706 1492 3781 159.
1516 3704 1623 3807 Pars]
1647 3711 1717 3782 Ein
1741 3711 1813 3802 teyl
1834 3711 1943 3802 fleugt
1964 3733 2037 3779 aus.
2085 3703 2211 3774 lunio-

291 3805 353 3881 Vs.
372 3804 455 3877 145.
490 3811 704 3902 murumque
722 3805 853 3898 pirum]
879 3806 954 3875 Der
977 3804 1078 3878 nicht
1098 3834 1175 3881 seer
1226 3830 1283 3878 res
1312 3809 1476 3895 evolant,
1517 3815 1711 3886 adultiores
1740 3826 1890 3882 manent
1917 3813 1955 3881 in
1982 3807 2083 3878 tectis
2108 3805 2211 3876 iuxta

189 3907 276 3980 hart
296 3909 353 3979 ist.
412 3907 501 3976 Tale
525 3920 597 3988 est,
628 3911 757 3996 eyettda
786 3931 899 4003 aqua,
935 3909 972 3976 id
995 3921 1066 3994 εει,
1099 3936 1175 3983 non
1226 3910 1461 3997 versiculum,
1486 3911 1578 4015 ἔργα
1591 3921 1689 3989 νεῶν
1704 3929 1789 3999 elc.,
1822 3915 1860 3985 id
1877 3927 1947 3996 est,
1979 3912 2125 3982 iuvenes
2151 3909 2212 3978 dc-

190 4009 295 4078 valde
321 4004 449 4094 gelida.
565 4010 709 4099 Spirae]
736 4009 868 4101 Spinus
888 4034 1017 4100 genere
1038 4037 1175 4086 mascu-
1225 4013 1312 4083 bent
1332 4014 1517 4101 laborare,
1550 4042 1625 4090 esse
1648 4018 1686 4087 in
1708 4017 1828 4110 operis
1851 4014 2021 4100 militiae,
2053 4010 2211 4084 seniores

189 4109 267 4178 lino
292 4102 429 4198 (inquit
450 4104 611 4202 Servius)
635 4111 810 4200 siguificat
838 4113 1005 4182 arborem
1040 4140 1174 4206 pruno·
1226 4116 1358 4186 debent
1378 4119 1478 4187 domi
1504 4123 1626 4190 sedere
1648 4123 1694 4189 ad
1721 4118 1983 4211 gubernacula,
2024 4137 2149 4205 regere
2174 4123 2210 4180 el

190 4234 294 4290 rum,
322 4207 504 4298 pflaumen
521 4209 640 4281 baum.
691 4212 838 4308 Alioqui
861 4215 969 4306 vulgo
991 4232 1175 4310 exponunt
1226 4221 1426 4309 gubernare
1442 4222 1602 4293 consilia.
1688 4217 1795 4320 Pars]
1816 4221 1938 4303 idest,
1964 4215 2187 4309 grandiores.

190 4310 332 4401 spinum
346 4333 414 4403 pro
429 4311 571 4382 acatiis.
596 4309 799 4388 schledorn.
1327 4321 1388 4393 Vs.
1409 4322 1493 4394 160.
1518 4326 1763 4417 Lachrymom]
1782 4327 1904 4407 idest,
1928 4320 2121 4415 liquorem.
2145 4314 2211 4385 Est

289 4411 351 4484 Vs.
371 4410 455 4484 146.
481 4415 680 4509 Platonem]
706 4430 758 4487 est
774 4417 884 4488 arbor
901 4421 1048 4512 proprie
1062 4422 1172 4494 Grae·
1224 4423 1395 4491 usitatum
1426 4427 1641 4497 vocabulum
1671 4426 1840 4510 medicis,
1880 4445 2102 4519 quamquam
2127 4427 2212 4488 sunt

191 4535 251 4597 ca,
274 4513 423 4595 sterilis,
446 4515 571 4586 similis
585 4517 695 4588 tiliae.
1224 4522 1429 4594 discrimina
1445 4524 1539 4595 inter
1553 4523 1776 4620 lachrymam
1794 4541 1831 4599 et
1840 4550 1995 4598 succum.
2068 4518 2211 4609 GMw]

290 4615 352 4688 Vs.
371 4614 456 4689 149.
477 4621 668 4710 Nuncaye]
695 4614 762 4688 lste
776 4629 829 4688 est
844 4620 943 4690 locus
963 4621 1173 4695 iucundissi·
1224 4626 1261 4694 id
1284 4636 1355 4710 est,
1381 4627 1570 4717 glutinum.
1627 4630 1723 4721 Apes
1745 4625 2103 4719 convehuntpartim
2128 4644 2212 4690 suc-

188 4741 270 4786 mus
283 4712 390 4788 huius
403 4718 505 4802 libri,
529 4734 718 4811 propterea
737 4722 833 4813 quod
855 4722 1023 4792 describit
1043 4727 1173 4799 multas
1224 4750 1305 4798 curn
1334 4752 1377 4797 ex
1403 4728 1552 4800 floribus
1573 4726 1761 4816 haustum,
1801 4731 1933 4825 partim
1965 4726 2100 4820 gummi
2133 4721 2211 4790 col-

188 4820 445 4911 proprietates‚
485 4833 521 4889 et
543 4834 583 4890 ut
611 4821 660 4890 ita
683 4822 820 4905 dicam,
853 4826 1024 4916 dynames
1051 4850 1171 4918 apum.
1223 4829 1353 4899 lectum
1382 4855 1427 4900 ex
1457 4832 1665 4919 arboribus,
1705 4847 1803 4905 etex
1825 4836 1889 4909 illo
1914 4831 2051 4924 gummi
2070 4822 2212 4898 faciunt

188 4918 258 4991 sed
275 4920 431 5013 primum
449 4923 549 4991 addit
563 4923 738 5013 poeticam
752 4923 949 5014 picturam,
973 4930 1070 5021 quod
1088 4931 1172 5002 istas
1222 4930 1399 5023 glutinum
1416 4947 1451 5003 et
1466 4958 1604 5020 caecas,
1630 4962 1671 5007 ex
1687 4961 1791 5006 succo
1806 4936 1926 5007 mella.

189 5022 427 5113 proprietates
449 5035 484 5093 et
506 5026 599 5093 dona
624 5026 814 5094 donaverit
838 5027 888 5097 eis
902 5025 1055 5120 Iupiter,
1088 5057 1171 5123 pro·
1324 5033 1385 5106 Vs.
1403 5036 1489 5109 166.
1528 5044 1683 5111 Educunt
1698 5038 1823 5130 foelus]
1863 5038 1901 5107 id
1924 5047 1994 5119 est,
2035 5028 2212 5100 incubant

188 5133 309 5215 pterea
326 5126 424 5218 quod
439 5149 516 5194 cam
532 5139 706 5217 paverant
719 5128 757 5196 in
778 5127 895 5199 Creta.
1222 5136 1454 5210 vermiculisx
1486 5137 1629 5232 Legunt
1644 5144 1824 5236 quendam
1851 5141 1988 5208 honum
2013 5146 2048 5203 et
2070 5153 2209 5222 purum
2225 5173 2230 5180 -

289 5222 351 5296 νε.
368 5223 451 5297 151.
478 5220 653 5322 θυνειεεεε]
678 5228 716 5297 id
732 5243 795 5312 est,
820 5230 1054 5304 Cretensium.
1085 5232 1172 5305 Cae·
1220 5260 1361 5323 rorem,
1400 5243 1609 5333 praesertim
1638 5244 1677 5312 in
1708 5242 1806 5311 oleae
1826 5242 1920 5311 foliis
1941 5241 2043 5307 illurn
2070 5234 2209 5325 impor-

188 5337 305 5395 terum
325 5326 471 5398 Curetes
484 5331 629 5399 suerunt
653 5333 840 5419 peculiaris
864 5336 1017 5425 populus
1034 5334 1173 5423 Cretae,
1220 5351 1318 5425 tant,
1343 5355 1379 5411 ει
1396 5343 1449 5412 illi
1465 5345 1648 5415 incubant.
1683 5340 1770 5412 lnde
1785 5356 1907 5435 postea
1923 5342 1963 5411 fit
1979 5337 2211 5417 vermiculus,

190 5439 227 5497 et
255 5429 344 5503 alias
369 5445 544 5502 vocantur
568 5428 666 5502 ldaei
688 5434 842 5527 dactyli,
880 5436 1008 5523 idest,
1047 5440 1174 5510 berck-
1221 5442 1278 5512 cui
1293 5448 1463 5518 accedunt
1478 5448 1575 5533 alae,
1601 5447 1798 5539 etquando
1821 5469 1884 5515 rex
1910 5443 2056 5536 prcdits
2080 5464 2126 5510 eu
2145 5461 2208 5509 an·
