4778 6240
286 250 333 320 n
504 216 518 249 ³
709 254 712 261 ·
867 224 1737 308 monnesmnvmrnnonooma
2141 310 2143 315 ,
2274 237 2326 310 ss

341 417 466 507 ‘l'urpe
480 434 567 482 sane
582 417 632 479 est
648 402 786 476 ebrium
803 404 898 493 apud
914 403 1012 475 viros
1025 405 1165 476 sobrios
1189 430 1280 487 esse;
1383 406 1430 476 Et
1443 407 1559 476 facere
1573 430 1657 476 sane
1679 403 1834 496 aliquid:
1872 416 1906 472 et
1930 429 1972 474 ex
1995 406 2090 475 maio
2114 407 2251 478 bonnm
2272 406 2327 476 sa·

393 519 518 607 Turpe
536 535 639 593 vero,
664 508 694 578 si
709 502 849 577 sobrius
864 505 960 597 apud
978 506 1096 579 ebrios
1110 523 1266 581 maneat.
1742 518 1839 574 ctum
1856 519 1930 589 est,

343 624 518 697 Pubertas
550 626 585 684 et
614 607 851 681 adolescentia
880 608 1037 679 allevant
1050 607 1099 708 ⁶¹)
1126 623 1280 681 mentem
1433 608 1481 680 Et
1495 611 1630 680 malum
1643 634 1684 679 ex
1700 609 1818 691 bono,
1844 620 1880 677 et
1893 632 2032 701 pauper
2047 609 2103 677 vir

699 711 787 789 viri;
1384 712 1512 783 Statim
1530 715 1633 783 valde
1646 711 1775 782 ditavit
1789 735 1842 780 ee:
1868 712 1981 806 etqui
2004 712 2107 782 valde
2131 712 2242 780 multa
2269 734 2329 780 ac-

292 836 369 909 650
395 825 592 898 Multorum
609 841 694 887 vero
710 814 812 885 effert
827 814 989 886 animum
1005 815 1043 884 in
1061 839 1232 888 errorem.
1741 812 1888 905 quisivit

347 932 413 1006 Cui
438 949 514 997 non
538 920 651 992 animi
674 917 821 988 libidine
845 918 976 988 fortior
996 930 1047 990 est
1070 944 1191 1004 mens,
1225 921 1284 991 itte
1437 917 1658 1007 Derepente,
1698 916 1820 985 omnia
1853 918 2013 1009 proiecto
2045 916 2202 1008 perdidit
2223 928 2329 987 nocte

703 1045 843 1113 semper
860 1021 898 1091 in
915 1022 1036 1104 noxis,
1106 1102 1114 1117 ,
1737 1041 1821 1088 una.

395 1136 533 1228 Cyrne,
559 1125 747 1215 etmagnis
763 1136 926 1195 versatur
943 1125 982 1193 in
999 1124 1192 1196 erroribus.
1336 1117 1411 1193 666
1435 1119 1482 1190 Et
1509 1120 1649 1211 sapiens
1679 1120 1858 1211 peccavit,
1899 1133 1935 1190 et
1964 1120 2192 1212 insipientem
2221 1144 2328 1213 saepe

271 1294 275 1303 .
346 1236 516 1310 Consulto
540 1229 593 1299 bis
618 1241 653 1297 et
675 1240 750 1310 ter,
784 1228 881 1320 quod
904 1226 969 1297 tibi
988 1228 1026 1297 in
1047 1240 1203 1298 mentem
1227 1251 1284 1296 ve·
1391 1257 1394 1261 ’
1745 1221 1858 1314 gloria

708 1328 821 1407 nerit;
1439 1327 1564 1398 Secuta
1595 1339 1665 1408 est,
1707 1338 1741 1396 et
1769 1321 1965 1406 bonorem,
2005 1325 2111 1394 etiam
2135 1333 2193 1420 qni
2213 1327 2329 1395 malus

396 1442 541 1514 Nocuus
555 1433 650 1501 enim
667 1433 828 1520 proiecto
843 1455 1013 1523 praeceps
1028 1432 1083 1501 vir
1097 1444 1160 1502 est.
1748 1439 1841 1510 erat,
1868 1427 2017 1497 invenit.

296 1545 370 1625 635
394 1543 502 1640 Viros
518 1540 634 1608 bonos
646 1533 806 1627 sequitur
821 1534 1008 1604 consilium
1026 1547 1062 1603 et
1078 1534 1214 1625 pudor,
1385 1533 1424 1602 si
1451 1532 1597 1625 quidem
1615 1555 1701 1622 opes
1720 1526 1912 1613 haberem,
1938 1531 2178 1614 oSimonida‚
2206 1531 2330 1624 quales
2376 1610 2382 1615 ,

397 1643 469 1738 Qui
486 1663 582 1709 nunc
596 1638 689 1704 inter
705 1635 836 1705 multos
853 1661 891 1704 re
909 1661 994 1704 vera
1009 1648 1089 1707 sunt
1105 1635 1221 1727 pauci.
1750 1632 1856 1716 novi,

348 1753 436 1842 Spes
451 1757 487 1814 et
503 1738 701 1833 periculum
719 1735 993 1815 interhomines
1005 1750 1085 1809 sunt
1098 1737 1248 1817 similes;
1440 1735 1524 1806 Non
1540 1758 1679 1826 possem
1689 1734 1781 1827 angi
1792 1733 1900 1821 bonis
1917 1734 2166 1825 congrediens:
2256 1740 2278 1815 ξ,

400 1851 463 1920 illa
480 1845 576 1914 enim
591 1838 714 1932 gravia
731 1853 814 1909 sunt
832 1840 1001 1922 numina,
1028 1839 1289 1935 utrumque’t).
1391 1837 1495 1910 Nunc
1528 1849 1647 1906 nutem
1683 1864 1740 1908 me
1774 1849 2045 1930 cognoscentem
2081 1834 2330 1930 praetereunt;

353 1959 466 2044 Saepe
480 1958 623 2040 praeter
637 1942 845 2034 opinionem
861 1957 899 2012 et
917 1968 1015 2035 spem
1040 1943 1215 2035 contingit
1236 1944 1289 2011 in·
1452 1998 1456 2005 .
1752 1966 1831 2013 sum
1851 1963 1935 2009 vero
1951 1954 2069 2011 mutus

314 2138 318 2145 ⁵
710 2045 831 2114 venire
1343 2045 1418 2117 670
1445 2043 1602 2135 Opibus,
1628 2044 1751 2115 multis
1770 2044 1883 2115 sciens
1899 2043 1980 2113 licet
1998 2037 2266 2115 meliusadbuc.

300 2165 376 2240 640
400 2158 472 2228 Res
486 2150 665 2225 virorum;
692 2146 850 2217 consiliis
866 2170 950 2215 vero
966 2170 1041 2216 non
1058 2147 1150 2218 inest
1163 2148 1254 2217 finis.
1392 2149 1514 2240 Quare
1530 2171 1625 2216 nunc
1641 2148 1811 2234 ferimur,
1837 2146 1924 2216 velis
1940 2147 2026 2216 albis
2044 2145 2219 2236 expassis,

352 2265 436 2338 Non
453 2278 537 2329 sane
558 2251 719 2321 molestia
742 2249 850 2319 afficit
870 2249 962 2319 ullus
985 2274 1101 2344 neque
1124 2250 1291 2332 amicum,
1446 2249 1554 2318 Melio
1570 2276 1612 2319 ex
1628 2263 1740 2342 ponto
1756 2262 1896 2320 noctem
1915 2273 1976 2341 per
1992 2248 2227 2316 tenebrosam.

710 2377 826 2445 neque
840 2351 1045 2435 inimicum,
1121 2426 1125 2439 ,
1394 2348 1592 2422 Exhaurire
1609 2366 1728 2422 autem
1745 2357 1913 2425 minam
1928 2374 2001 2421 non
2016 2350 2158 2425 voiont;
2185 2352 2330 2434 superet

404 2464 483 2542 Nisi
499 2459 629 2534 seriam
642 2480 720 2526 rem
738 2453 979 2547 consequaris.
1756 2469 1875 2527 autem
1897 2478 1993 2525 mare

354 2570 461 2644 Multi
473 2564 571 2658 apud
588 2573 762 2630 craterem
779 2558 885 2626 amici
903 2570 986 2626 sunt
1002 2555 1158 2633 sodale&
1447 2557 1650 2651 Utrumque
1678 2558 1780 2629 naris
1803 2559 1913 2642 latus,
1957 2556 2018 2627 ubi
2040 2554 2141 2621 valde
2166 2548 2245 2641 quis
2265 2544 2332 2611 dii-

404 2670 445 2740 ln
459 2680 578 2737 autem
593 2662 685 2734 seria
704 2685 742 2729 re
758 2659 955 2750 pauciores.
1756 2661 1845 2729 ficile

305 2773 380 2855 645
404 2774 544 2845 Paucos
560 2776 742 2835 curatores
758 2761 877 2829 fideles
891 2758 1053 2829 invenias
1068 2759 1221 2841 amicos,
1346 2760 1420 2833 676
1446 2763 1633 2840 Servatum
1660 2762 1712 2831 illi
1729 2785 1814 2829 vero
1830 2759 2033 2827 dormiunt:
2059 2757 2335 2846 gubernatorem

403 2872 545 2948 Positus
562 2869 598 2935 in
616 2888 746 2956 magna
761 2861 874 2931 animi
890 2861 1092 2932 anxietate
1761 2862 1905 2954 quidem
1925 2862 2084 2927 fecerunt
2104 2855 2283 2948 quiescere

351 2982 427 3052 lam
442 2997 537 3046 nunc
551 2971 670 3062 pudor
686 2967 832 3058 quidem
848 2964 941 3034 inter
956 2960 1121 3033 homines
1136 2961 1263 3053 periit,
1447 2967 1590 3038 Bonum
1613 2990 1717 3049 sane,
1743 2964 1807 3058 qui
1823 2962 2020 3033 custodiam
2037 2955 2191 3027 babebat
2209 2953 2337 3045 perite.

263 3162 266 3167 ,
405 3080 475 3151 Sed
492 3067 715 3163 impudentia
733 3079 866 3135 terram
884 3065 1058 3138 circumit.
1397 3070 1494 3161 Opes
1510 3082 1629 3140 autem
1648 3067 1794 3161 rapiunt
1808 3066 1861 3145 vi;
1888 3066 1995 3134 decor
2010 3086 2095 3130 vero
2112 3058 2231 3150 periit.

357 3184 437 3254 Heu
454 3175 619 3266 improba
637 3181 847 3262 paupertas,
881 3194 944 3242 cur
967 3169 1055 3242 meis
1079 3168 1295 3238 decumbens
1450 3172 1589 3242 Divisio
1607 3186 1725 3242 autem
1747 3194 1820 3241 non
1838 3168 1992 3260 amplius
2007 3167 2047 3236 fit
2062 3165 2099 3232 in
2115 3160 2285 3231 medium.

600 3321 606 3332 -
721 3267 879 3341 humeris
939 3360 944 3366 .
1395 3274 1613 3345 Baiulivero
1631 3276 1823 3366 imperant,
1848 3270 1935 3341 mali
1951 3283 2070 3340 autem
2086 3262 2337 3356 superbonus:

305 3387 382 3464 660
409 3384 548 3473 Corpus
563 3378 751 3467 deturpas,
777 3386 813 3442 et
828 3385 983 3443 mentem
1000 3370 1187 3441 notitam?
1349 3378 1423 3448 680
1450 3377 1600 3461 Timeo,
1633 3404 1678 3447 ne
1713 3402 1785 3472 quo
1822 3377 1930 3444 ruodo
1961 3395 2089 3441 navem
2120 3369 2245 3437 fluctus
2276 3363 2338 3430 ab·

357 3486 496 3578 Turpia
513 3493 632 3552 notem
654 3501 712 3548 me
734 3500 810 3546 non
823 3479 1009 3547 uolentem
1035 3473 1089 3555 vi,
1125 3486 1160 3542 et
1184 3472 1294 3541 multa
1759 3479 1913 3550 sorbeat.

713 3582 838 3663 00088,
1397 3581 1493 3650 Haec
1525 3580 1615 3652 mibi
1649 3581 1881 3673 aenigmatice
1915 3579 2008 3648 dicta
2050 3574 2148 3656 sint,
2201 3567 2337 3638 occulta

403 3692 507 3763 Bona
523 3690 569 3758 ab
586 3683 795 3756 bominibus
807 3696 844 3752 et
857 3676 1006 3750 honesta
1024 3675 1216 3747 edoctum?
1756 3685 1899 3776 probi„

351 3800 484 3868 Beatut
497 3792 586 3874 Sim,
612 3802 647 3858 θῑ
662 3787 740 3858 ffiss
755 3782 884 3855 chum
900 3779 1184 3863 iffl¹ss⁰¹i³libuss
1449 3786 1671 3877 Cognoscere
1689 3800 1806 3856 autem
1825 3793 1941 3877 potest
1958 3781 2037 3874 quis
2060 3779 2164 3848 etiam
2185 3773 2339 3854 maium,

406 3897 543 3989 Cyrno,
570 3892 740 3961 virtutem
757 3911 844 3957 vero
860 3885 967 3956 aliam
984 3883 1123 3954 nullam
1139 3904 1233 3951 amo.
1388 3940 1392 3947 .
1763 3888 1792 3957 si
1808 3885 1949 3977 sapiens
1964 3885 2019 3953 sit.

307 3996 382 4073 666
409 3999 566 4078 Tecum,
617 3992 756 4086 Cyrno,
804 3989 931 4059 affecto
965 3986 1057 4056 male
1092 4007 1296 4054 moeremus
1397 3990 1505 4061 Multi
1520 3989 1662 4062 divitias
1678 3985 1812 4060 habent
1830 3988 2007 4079 imperiti;
2048 3982 2110 4053 alii
2131 3991 2249 4049 autem
2273 3972 2338 4045 ho·

691 4116 699 4132 ⁰
716 4116 858 4171 ornnem
1760 4106 1859 4165 nesta

408 4203 478 4273 Sed
507 4222 593 4270 sane
625 4197 762 4267 alienus
792 4193 896 4264 dolor
924 4193 1021 4263 diem
1050 4214 1163 4261 unum
1189 4192 1296 4261 durat
1450 4197 1659 4292 Quaerunt,
1684 4198 1786 4288 gravi
1803 4192 1963 4288 oppressi
1977 4195 2197 4283 paupertate.

715 4309 866 4370 tantum·
1347 4297 1422 4372 686
1437 4300 1568 4372 Facere
1582 4313 1701 4372 autem
1717 4299 1877 4391 utrisque
1884 4295 1931 4391 ⁶⁸)
1945 4293 2132 4364 difficultas
2146 4279 2339 4357 incumbit5

354 4406 454 4522 Nibil
468 4405 577 4475 nimis
591 4402 792 4473 difficilibus
805 4398 1024 4475 contristeris
1039 4409 1209 4478 mentem,
1234 4418 1295 4463 ne·
1448 4401 1649 4475 Prohibent
1665 4402 1760 4472 enim
1776 4396 1843 4469 hos
1860 4397 2005 4494 quidem
2023 4419 2128 4487 opes,
2154 4390 2235 4457 illos
2251 4405 2338 4453 vero

713 4529 783 4598 qne
800 4501 906 4573 bonis
1753 4527 1865 4575 mens.

404 4610 553 4691 Gaude,
578 4596 1262 4703 (1110ΰί41111θθῑνῑῐῑθῐΰΰὶὃῖθῐΐθὺῡΰῖ·
1397 4608 1481 4680 Non
1502 4608 1584 4677 licet
1605 4606 1815 4678 mortalibus
1839 4608 2006 4676 adversus
2031 4594 2340 4680 immortalesffpu·

354 4714 481 4808 Neque
507 4713 627 4782 iurare
655 4721 800 4801 oportet
824 4702 893 4775 boe
916 4700 1073 4795 aliquid:
1106 4724 1294 4793 nunquam
1759 4733 1888 4801 gnare,

427 4872 431 4879 -
630 4852 634 4859 ·
714 4803 978 4885 ret.h⁸ecerit;
1163 4842 1167 4855 ·
1449 4812 1574 4908 Neque
1591 4817 1630 4884 in
1646 4812 1701 4883 ius
1718 4836 1862 4883 vocare:
1898 4807 2035 4880 nemini
2051 4801 2121 4874 hoc
2135 4803 2188 4870 fas
2199 4807 2261 4867 est.

306 4919 380 4992 660
404 4917 467 4989 Dii
481 4914 613 5007 etenim
629 4916 802 4996 oderunt,
829 4908 959 5004 quibus
974 4906 1075 4976 adesi
1092 4902 1184 4975 finis.
1398 4913 1480 4986 Non
1512 4928 1654 5007 oportet
1680 4940 1842 5008 pascere,
1888 4913 1983 5007 quod
2012 4930 2085 4979 non
2121 4899 2339 4997 pascendum

1754 5018 1881 5089 suerit:

1349 5204 1552 5215 -n-——ou-

337 5226 387 5284 n)
404 5221 545 5280 suamc]
569 5215 612 5267 no
638 5215 723 5264 naret.
745 5212 839 5272 usn,
863 5209 957 5273 lton,
983 5186 1075 5266 rim.;
1110 5204 1195 5258 narn
1212 5202 1297 5268 usa,

372 5293 467 5356 1676,
486 5288 561 5339 1681.
577 5284 684 5335 onem
702 5282 750 5345 (ε
767 5280 888 5341 Theogn.
906 5274 1101 5341 ἐπικουφίζει).

333 5393 383 5451 12)
404 5380 807 5450 amman-sewum.
824 5371 996 5445 ἆμφόῐιρα)
1009 5374 1192 5439 morsos„
1212 5371 1299 5437 lm,
1379 5365 1429 5433 ot)
1448 5365 1585 5443 utroque}
1617 5363 1660 5412 sic
1687 5367 1735 5423 (=
1759 5362 1880 5423 ringo.
1909 5353 2122 5426 ἀμφοτέροισιν)
2146 5346 2231 5402 nnec
2252 5344 2340 5407 1861,

371 5457 466 5523 ans,
485 5454 578 5519 rosa,
602 5449 797 5514 sorenes,
817 5446 893 5499 iseo
910 5445 1046 5508 minoe.
1418 5433 1510 5499 raam
1532 5433 1616 5485 nno
1632 5430 1724 5497 rosi„
1742 5427 1835 5493 usa,
1857 5426 1949 5492 raes,
1971 5427 2046 5478 isar.
2064 5424 2217 5482 nurusque.
