4784 6256
185 265 263 344 523

186 464 282 536 qnae
299 460 375 508 non
391 448 473 507 sunt
487 428 544 503 his
560 430 646 522 ipsis
662 427 785 511 utilia,
810 426 940 520 quibus
957 427 1176 517 promittun-

186 557 264 615 tur:
296 541 396 611 cuius
416 536 486 606 loci
508 547 543 604 et
559 534 683 603 Cicero
707 528 870 597 meminit
891 529 953 597 lib.
970 529 1004 598 3.
1030 526 1174 597 Officio-

184 670 267 719 rum
282 641 352 734 ⁴⁵¹)
373 636 429 710 his
456 637 593 706 verbis:
627 633 689 701 Sol
703 627 923 700 Phaethonti
941 655 978 700 se
994 633 1173 700 facturum

185 774 259 820 esse
281 743 391 823 dixit,
433 738 604 832 quicquid
627 746 793 825 optasset.
868 732 1039 824 Optavit,
1073 732 1174 801 utin

186 872 330 925 currum
350 842 463 934 patris
478 841 680 917 tolleretur;
707 838 866 907 sublatus
890 848 963 917 est,
990 848 1096 928 atque
1120 835 1174 902 in-

183 974 309 1030 sanus,
335 958 528 1038 antequam
557 940 735 1023 constitit,
767 941 840 1011 ictu
861 938 1020 1007 fulminis
1043 936 1174 1005 confla-

182 1051 310 1144 gravit.
363 1032 509 1140 Quanto
527 1044 653 1113 melius
669 1044 786 1111 fuerat
806 1043 845 1109 in
870 1036 937 1110 hoc
955 1039 1172 1131 promissum

181 1154 294 1246 patris
310 1175 385 1218 non
402 1174 476 1219 esse
492 1143 695 1218 servatum!

346 1327 650 1424 Epitaphium
679 1322 998 1396 Phaethontis.

232 1470 312 1542 Vss.
335 1469 411 1543 527
433 1493 486 1562 sq.
524 1471 593 1537 Hic
619 1469 705 1535 situs
731 1472 781 1533 est
811 1465 1011 1546 Phaethon,
1051 1484 1171 1533 currus

593 1571 715 1655 auriga
732 1570 888 1655 paterni,

232 1679 337 1761 Quem
352 1678 383 1744 ei
401 1673 609 1752 contenuit,
632 1673 767 1758 magnis
779 1679 892 1737 tamen
906 1670 1036 1737 excidit
1050 1670 1157 1736 auch.

282 1812 416 1900 Aptum
434 1819 468 1876 et
493 1806 708 1874 conveniens
727 1799 968 1895 epitaphium,
996 1806 1094 1895 quod
1115 1803 1168 1872 in·

179 1912 356 1983 scribatur
370 1902 559 1999 sepulchro
573 1905 718 1976 audacis
729 1930 769 1973 ac
785 1905 967 1974 temerarii
978 1905 1167 1996 principis;

178 2011 269 2084 haec
295 2024 347 2082 est
368 2011 465 2080 enim
487 2009 546 2076 illa
570 2008 719 2098 insignis
740 2010 858 2090 fama,
884 2032 993 2102 quam
1017 2007 1168 2100 posteri-

177 2117 247 2184 tati
258 2113 448 2207 relinquit,
467 2135 596 2200 nempe
613 2112 709 2203 quod
724 2134 936 2199 magnarum
952 2134 1072 2190 rerum
1090 2135 1167 2178 mo·

120 2276 123 2295 ,
179 2219 306 2287 litione
332 2238 522 2307 oppressus
544 2212 733 2282 interierit.
786 2212 911 2280 Talem
932 2215 1026 2301 apud
1049 2225 1167 2303 poste-

182 2344 244 2390 rus
285 2320 419 2387 famam
456 2326 665 2385 consecutus
703 2326 755 2383 est
785 2312 990 2384 Ludovicus
1019 2315 1167 2397 ,Sfortia,

180 2421 446 2516 quiGallorum
464 2417 597 2487 auxilio
616 2440 657 2484 ac
674 2418 833 2508 potentia
852 2418 983 2500 fretus,
1009 2442 1089 2486 cum
1112 2430 1166 2485 to-

177 2525 248 2595 tius
273 2521 407 2591 ltaliae
422 2516 614 2612 imperium
640 2520 762 2587 animo
798 2520 1034 2610 concepisset,
1076 2519 1166 2589 alter

175 2625 280 2719 qnasi
293 2620 484 2695 Phaethon
500 2623 667 2692 excitavit
682 2622 766 2690 belli
781 2622 988 2691 incendium
1006 2622 1166 2692 adductis

176 2728 290 2798 Gallis
321 2726 359 2796 ih
384 2725 547 2810 ltaliam,
589 2726 686 2818 quod
714 2725 799 2794 belli
825 2725 1030 2795 incendium
1055 2725 1165 2816 ipsius

175 2830 280 2900 ruina
299 2830 492 2900 extinctum
511 2841 574 2898 cst.

277 2946 556 3015 Accommodari
572 2944 678 3014 etiam
696 2958 813 3037 potest
837 2946 882 3014 ad
908 2946 1085 3015 studiosos
1107 2945 1165 3012 lit-

175 3063 356 3130 terarum,
390 3048 454 3141 qui
478 3046 616 3115 maiora
641 3046 714 3116 suis
736 3048 873 3117 viribus
897 3048 1163 3138 aggrediuntur.

173 3149 332 3239 Angelus
353 3149 556 3217 Politianus
582 3148 786 3218 adolescens
810 3149 1006 3218 iactaverat
1027 3175 1063 3219 se
1084 3152 1164 3217 red-

176 3252 260 3321 dere
283 3248 415 3321 Latino
445 3249 603 3317 carmine
624 3248 842 3317 Homerum:
884 3275 956 3343 quo
979 3252 1104 3320 labore
1130 3264 1165 3319 et

773 253 896 327 Plllb.
924 251 1039 325 MEL.
1073 249 1275 325 SCRIPTA
1305 256 1640 336 PHILOLOGICA.

2146 274 2229 355 524

1227 429 1430 502 fabulosum
1462 445 1531 514 est;
1571 436 1669 506 nasci
1694 449 1816 508 tamen
1848 438 1922 510 illic
1952 444 2145 533 electrum,
2190 466 2224 531 et

1228 533 1350 604 multis
1366 535 1453 606 locis
1469 537 1599 622 effodi,
1626 539 1763 609 incolae
1781 543 1973 617 affirmant.

1572 654 1577 667 f

1253 728 1452 821 Cygnn's,
1495 730 1707 824 Ligurum
1744 761 1840 823 rex,
1881 741 1927 812 in
1962 767 2092 816 avem
2123 751 2198 829 sui

1577 838 1780 911 nominis
1800 841 1861 936 ⁸⁷).

1326 965 1492 1052 Veteres,
1518 995 1590 1073 quo
1607 973 1829 1046 celebrarent
1842 978 1996 1051 Eridani
2017 989 2218 1063 amoenita-

1225 1079 1318 1151 tem,
1353 1070 1533 1141 finxerunt
1558 1074 1631 1143 illic
1659 1100 1733 1148 esse
1765 1104 1898 1174 cygnos
1931 1086 2022 1156 mire
2050 1076 2216 1178 canoros,

1224 1193 1380 1263 quorum
1407 1189 1599 1246 concentus
1622 1201 1664 1247 ex
1686 1194 1839 1278 utraque
1862 1186 1963 1279 ripa,
1989 1190 2086 1263 inter
2109 1198 2215 1268 arbo·

1223 1295 1280 1342 res
1305 1274 1519 1347 electriferas
1546 1281 1743 1355 audiretur.
1812 1286 1993 1363 Lucianus
2016 1290 2082 1366 hos
2111 1314 2215 1391 putat

1223 1375 1378 1465 insignes
1391 1378 1497 1450 fuisse
1518 1382 1692 1469 musicos,
1719 1389 1781 1482 qui
1805 1405 1954 1483 propter
1975 1398 2133 1470 studium
2158 1427 2214 1473 ca·

1222 1479 1331 1546 nendi
1350 1493 1523 1574 tanquam
1542 1485 1581 1553 in
1606 1511 1689 1558 aves
1712 1493 1842 1561 mutati
1864 1498 2027 1570 cautibus
2049 1503 2212 1596 indulge-

1221 1593 1314 1649 rent.
1366 1578 1490 1678 ltaque
1514 1585 1666 1661 Ovidius
1689 1609 1836 1665 venuste
1859 1593 2047 1671 historiam
2072 1630 2212 1677 accom-

1222 1685 1345 1753 modat
1368 1688 1414 1754 ad
1433 1689 1603 1763 fabulam.
1671 1692 1761 1765 Cum
1783 1699 1879 1769 enim
1906 1705 2007 1795 lingit
2032 1707 2211 1800 Cygnum,

1220 1807 1339 1875 regem
1358 1786 1553 1879 Ligurum,
1583 1796 1622 1862 in
1644 1819 1745 1866 avem
1768 1802 1826 1871 sui
1849 1806 2005 1877 nominis
2027 1824 2210 1882 mutatum

1220 1910 1313 1972 esse,
1354 1891 1527 1981 significat
1562 1920 1643 1966 eum
1671 1900 1777 1972 tuisse
1813 1907 1963 1978 musicae
1989 1913 2207 1998 studiosum,

1221 1989 1394 2062 allusione
1409 2009 1551 2088 sumpta
1566 2023 1609 2069 ex
1626 2004 1784 2077 nomine.

1245 2176 1441 2264 calisto,
1466 2180 1694 2275 Lycalonis
1720 2191 1844 2276 filia,
1876 2193 1921 2262 in
1947 2221 2100 2267 ursam
2118 2198 2182 2294 ⁴⁸).

1320 2313 1464 2386 Puellae
1490 2332 1525 2389 et
1546 2323 1700 2396 feminae
1726 2330 1853 2400 amissa
1886 2334 2057 2424 pudicitia
2087 2338 2206 2406 defor-

1219 2428 1357 2500 matae,
1384 2421 1627 2496 assimilantur
1651 2430 1864 2520 turpissimis
1885 2437 2025 2521 bestiis,
2049 2437 2086 2509 id
2105 2442 2204 2535 quod

1218 2530 1253 2588 et
1277 2518 1448 2592 Salomon
1475 2527 1514 2594 iu
1533 2529 1740 2605 Proverbiis
1761 2535 1810 2630 ⁴⁰)
1841 2551 2014 2626 testatur,
2046 2567 2126 2613 cum
2151 2543 2205 2611 in·

1218 2621 1311 2714 quit:
1348 2626 1535 2699 mulierem
1552 2632 1770 2723 formosam,
1797 2664 1890 2734 quae
1909 2643 2120 2715 immodesta
2141 2657 2205 2728 est,

1217 2747 1292 2793 non
1315 2727 1521 2800 dissimilem
1548 2758 1621 2805 esse
1645 2764 1756 2829 porco
1780 2766 1928 2813 aureum
1955 2758 2121 2842 torquem
2147 2771 2205 2838 ge-

1216 2826 1322 2895 renti.
1388 2830 1464 2900 Hac
1487 2836 1530 2904 dc
1562 2861 1666 2909 causa
1697 2843 1840 2932 lingitur
1867 2845 2015 2930 Calisto,
2051 2848 2205 2920 lunonis

1217 2929 1350 3018 pellex,
1376 2948 1511 3004 mutata
1531 2939 1568 3008 in
1582 2964 1719 3023 ursam;
1745 2969 1810 3012 nec
1826 2958 1921 3013 caret
1935 2948 2096 3033 ratione,
2118 2953 2206 3040 pul-

1217 3026 1431 3103 cherrimam
1459 3037 1607 3133 (Calisto
1638 3044 1731 3113 enim
1764 3049 1861 3138 apud
1882 3037 2039 3121 G'raecos
2073 3076 2093 3119 a
2119 3054 2203 3142 pnl-

1216 3128 1417 3207 chritudine
1435 3145 1658 3244 nominatur)
1684 3150 1817 3219 mutari
1834 3150 1872 3219 in
1886 3151 2038 3221 bestiam
2067 3156 2201 3245 turpis·

1215 3242 1358 3318 simam;
1386 3264 1469 3310 nam
1489 3270 1571 3339 quo·
1588 3246 1774 3339 pulchrior
1794 3266 1846 3322 cst
1867 3255 2021 3338 femina,
2050 3281 2093 3325 eo
2117 3280 2200 3326 con-

1214 3341 1367 3428 spectior
1390 3345 1430 3413 fit
1453 3347 1528 3418 eius
1551 3352 1737 3443 turpitudo
1762 3367 1798 3425 et
1824 3358 2043 3429 deformitas.
2100 3358 2200 3428 Non·

175 3351 294 3423 studio
325 3374 390 3419 suo
422 3372 503 3418 cum
534 3349 665 3440 passim
698 3350 932 3439 gloriaretur,
971 3364 1006 3419 et
1031 3352 1162 3421 iudicia

1214 3441 1302 3509 nulli
1319 3467 1405 3514 vero
1422 3453 1570 3521 tradunt
1586 3453 1683 3525 illam
1702 3457 1810 3528 fnisse
1826 3461 1871 3528 ab
1885 3484 1967 3530 ursa
1989 3461 2198 3530 dilaniatam

174 3457 363 3524 docturum
381 3450 582 3545 exquireret
604 3451 851 3543 arrogantius,
878 3453 1080 3525 Cardinalis
1095 3454 1163 3523 Pa-

170 3555 326 3650 piensis,
352 3554 407 3624 vir
421 3554 575 3638 facetus,
602 3554 635 3625 ei
651 3554 871 3646 rescripsisse
885 3557 999 3624 fertur
1014 3552 1069 3626 his
1083 3581 1161 3626 ver·
1214 3547 1413 3620 venatione·
1465 3551 1529 3624 Est
1549 3556 1669 3651 itaque
1695 3561 1905 3647 verisimile,
1939 3565 2093 3634 fabulam
2122 3590 2199 3636 esse

171 3660 243 3732 bis:
272 3658 406 3731 Censeo
422 3682 568 3752 operam
582 3654 789 3727 inchoatam
808 3681 883 3725 non
899 3682 974 3728 esse
999 3660 1162 3730 deseren·
1214 3649 1398 3719 ⁰⁰¹¹fi⁰l³m
1413 3656 1545 3743 Partim
1564 3683 1607 3730 ΒΧ
1621 3656 1790 3748 Νθίῡῐῐὸ,
1816 3666 1947 3756 parlim
1963 3692 2004 3737 01
2021 3666 2195 3737 moribus.

172 3766 275 3845 dam3
301 3764 331 3834 si
350 3787 424 3833 non
439 3763 637 3856 assequeris
652 3762 702 3844 id,
727 3761 825 3853 quod
841 3760 1003 3844 affectas,
1030 3786 1161 3856 aequa.
1212 3747 1328 3820 Porro
1352 3751 1504 3829 Ovidius
1536 3762 1672 3834 erudite
1695 3780 1730 3834 et
1762 3767 1996 3839 astronomica
2025 3767 2197 3839 describit

169 3866 215 3936 lis
241 3879 362 3934 tamen
386 3865 439 3932 tui
459 3860 698 3935 Phaethontis
727 3863 869 3930 laudem
899 3861 1082 3949 invenies,
1121 3879 1161 3934 ut
1211 3849 1317 3921 sitnm
1331 3857 1534 3947 stellarum,
1562 3866 1690 3957 quibus
1707 3869 1821 3940 Ursae
1836 3873 1934 3943 sidus
1956 3870 2198 3955 constituitur,

169 3964 265 4033 idem
282 3967 505 4052 desuscepto
522 3986 542 4029 a
557 3975 592 4031 te
607 3963 785 4046 Homero,
812 3967 908 4057 quod
931 3966 976 4035 de
996 3979 1159 4058 suscepto
1211 3976 1291 4022 ⁶1¹¹ss
1310 3956 1428 4051 inquit
1453 3964 1548 4058 (Vss.
1564 3963 1640 4040 516
1654 3969 1742 4065 sq.):

170 4066 300 4136 abillo
323 4088 431 4133 curru
453 4063 584 4147 solari,
612 4065 752 4135 dicatur
778 4065 856 4158 (Vs.
873 4068 994 4164 39,8.);

222 4199 325 4284 Quem
341 4200 373 4267 si
388 4222 455 4268 noa
468 4203 595 4285 mouit,
617 4206 750 4290 magnis
764 4214 877 4273 tamen
893 4209 1024 4276 excidit
1039 4211 1145 4276 aucis.

1688 4109 1746 4178 udi
1769 4112 1914 4181 circulus
1930 4136 2033 4181 axem

1264 4198 1410 4298 Ultimus
1423 4215 1633 4292 extremum,
1659 4215 1830 4305 spatioque
1845 4215 2066 4286 brevissimus
2079 4218 2193 4286 ambit.

1209 4325 1273 4396 Est
1288 4335 1382 4401 enim
1401 4334 1493 4407 Ursa
1509 4345 1641 4411 arctico
1662 4346 1816 4429 circulo,
1843 4350 1905 4442 qui
1923 4352 1968 4417 ad
1983 4353 2196 4441 septentrio·

1210 4452 1290 4498 nem
1313 4449 1491 4510 extremus
1515 4456 1550 4511 et
1577 4447 1805 4519 brevissimus
1828 4464 1898 4534 est,
1939 4453 2096 4537 inclusa,
2129 4477 2196 4523 nec

272 4535 422 4608 sorores
447 4533 684 4610 Phaethofitis
718 4566 782 4611 suo
816 4565 900 4610 casu
930 4554 964 4608 et
994 4543 1157 4635 exemplo
1209 4556 1368 4625 unquam
1392 4541 1574 4614 descendit
1596 4550 1661 4617 sub
1685 4545 1928 4640 horizontem,
1960 4558 2021 4625 sed
2045 4570 2196 4649 propter

169 4641 299 4710 docent
315 4641 601 4711 moderationem
624 4642 663 4709 in
687 4643 785 4712 luctu
809 4638 1048 4712 adhibendam
1070 4669 1154 4719 esse.
1208 4633 1441 4709 elevaliffltem
1458 4666 1599 4740 semper
1612 4665 1719 4723 extat.
1769 4651 1892 4751 ltaque
1906 4669 1943 4728 et
1965 4660 2113 4750 fingitur
2138 4684 2196 4728 ar-

167 4741 264 4813 Dum
280 4741 529 4813 enimassidne
543 4745 684 4836 lugent,
710 4745 838 4840 amissa
863 4739 1020 4816 hominis
1043 4748 1154 4838 figura
1201 4736 1278 4805 stri
1304 4741 1349 4809 ab
1372 4742 1539 4831 Oceano,
1569 4774 1616 4820 ne
1640 4757 1765 4826 subeat
1786 4784 1918 4853 aquas,
1952 4757 2021 4831 hoc
2044 4774 2115 4845 est,
2146 4786 2196 4832 ne

168 4845 266 4939 ipsae
291 4844 328 4911 in
354 4847 526 4931 arbores,
567 4860 602 4917 et
626 4870 749 4916 earum
777 4848 958 4940 lacrymae
981 4847 1017 4916 in
1045 4854 1155 4921 succi·
1200 4839 1359 4922 Midalt
1402 4848 1570 4922 dicuntur
1608 4859 1707 4927 enim
1740 4861 1856 4932 sidera
1890 4865 2009 4936 subire
2042 4887 2197 4959 ὃθφὶθΐ,

167 4972 254 5018 num
272 4972 333 5018 seu
350 4948 518 5016 electrum
534 4961 802 5019 convertuntur.
850 4947 891 5018 ln
904 4949 1050 5042 Liguria
1065 4978 1152 5024 vero
1206 4964 1285 5011 cum
1308 4947 1486 5022 ⁰tcidunl·

168 5051 213 5120 ad
236 5048 434 5120 Eridanum
457 5051 553 5121 nasci
583 5052 729 5122 arbores
759 5053 972 5126 electriferas
1003 5057 1151 5128 omnino

1205 5130 1409 5157 Q

200 4384 416 4471 Heliades
447 4402 495 4470 in
530 4405 725 4476 arbores
758 4406 1133 4506 electriferast‘).

167 5242 375 5255 *nn—-

199 5333 266 5403 Ψ)
284 5335 342 5390 cic.
360 5337 395 5387 te
414 5337 493 5389 olto.
508 5337 561 5400 111,
574 5337 624 5402 25,
637 5340 678 5389 94.

199 5440 246 5505 46)
266 5444 345 5494 ovid.
361 5444 427 5497 Met.
447 5442 479 5500 ll,
491 5443 544 5492 340
557 5456 616 5507 sqq.

1237 5246 1285 5313 47)
1303 5250 1381 5304 ovid.
1398 5255 1464 5309 Met.
1481 5258 1516 5324 ll,
1530 5260 1583 5312 w
1598 5277 1656 5328 sqq.

1238 5348 1284 5413 48)
1303 5352 1384 5407 (trid.
1400 5360 1468 5410 Met.
1483 5361 1517 5426 u,
1533 5365 1691 5418 ⁴²2-oao.

1236 5451 1283 5519 49)
1304 5454 1386 5510 l’ror.
1406 5462 1448 5529 lt,
1465 5462 1508 5515 22.
