4784 6256
2245 291 2321 367 166

277 292 351 379 ιιι
733 313 736 316 ·
812 360 816 372 ,
861 290 983 365 eun.
1005 292 1131 391 *unu
1158 291 1361 371 scatere
1393 290 1730 365 effloruerat.
1799 344 1801 349 .
1904 346 1930 399 ,-

376 463 455 535 Vss.
480 463 551 537 951
571 489 624 557 sq.
660 462 909 535 Conscendens
935 465 1027 534 altos
1046 490 1169 537 muros
1194 489 1268 533 non
1320 464 1469 555 gebatur
1484 463 1640 539 famulus
1655 489 1737 536 eum
1753 477 1910 555 gestare,
1937 487 2017 532 cum
2035 477 2258 553 aegrotaret,
2284 480 2322 536 et

249 567 407 663 ‚cepi⁸¹)
422 568 559 638 urbem.
612 565 767 636 Multum
790 579 961 659 ceperunt
974 567 1108 639 Brutus
1135 580 1170 636 et
1185 568 1271 638 Cas·
1321 580 1505 657 praeterea
1522 591 1597 635 non
1612 567 1674 636 diu
1690 568 1868 636 retinebat
1890 589 2003 634 uuum
2024 566 2222 650 famulum,
2257 571 2321 639 sed

273 674 366 752 sius,
393 673 453 738 sed
477 695 550 736 non
568 670 803 759 perfecerunt.
856 669 920 764 fild)
943 672 1009 764 bob
1032 671 1272 766 uugelpuutttttj
1321 670 1471 739 subinde
1486 693 1601 739 novos
1618 666 1795 753 habebat,
1828 693 1874 737 ne
1893 668 1926 737 si
1947 691 2041 738 unus
2065 669 2196 764 aliquis
2214 672 2321 741 lieret

273 778 341 851 eat
356 773 411 847 bin
429 770 513 865 nicht
527 769 738 864 fottgtftttttt.
790 772 854 842 Est
872 775 1109 866 proverbiale.
1322 773 1389 862 ipsi
1404 772 1638 854 familiarior,
1665 773 1884 862 obligaretur
1900 772 1950 854 ei,
1985 783 2027 838 et·
2044 785 2232 861 cogeretur
2253 775 2322 842 ali-

376 888 454 962 νδ,
471 885 547 960 955
562 915 615 984 sq,
641 889 797 962 Levibus
814 893 1050 963 benefacienti
1069 894 1142 962 dno
1166 905 1271 962 erum
1322 870 1830 968 quiddarehonorilicentius.
1863 871 2059 966 lsquando
2073 875 2175 945 valde
2191 899 2321 966 aegro-

274 996 387 1075 mala‚
420 992 494 1065 guig
516 994 622 1063 rebus
645 995 850 1078 ommam,
891 997 1117 1080 viduabjgu„
1151 997 1271 1088 priva.
1322 978 1439 1061 tabat,
1464 978 1613 1047 iubebat
1635 978 1767 1046 adferri
1790 976 1923 1068 pelvim
1949 977 2102 1066 plenam
2120 979 2258 1060 aureis,
2282 993 2321 1047 ει

110 1086 118 1101 ’
177 1174 179 1178 ⁴
272 1098 370 1172 bitur
385 1092 527 1177 uiuitis,
554 1109 590 1164 et
604 1097 703 1166 nulla
720 1099 847 1187 gratia.

375 1212 453 1283 Vss.
478 1208 555 1282 957
571 1239 623 1306 sq.
666 1214 704 1282 Si
731 1216 904 1284 beneficio
926 1238 962 1286 es
989 1216 1134 1288 allectus
1157 1242 1178 1284 a
1200 1241 1271 1299 me,

274 1330 309 1387 et
323 1341 398 1384 nou
417 1315 485 1386 eris
505 1328 647 1407 gratus,
674 1317 837 1406 indigens
855 1344 977 1390 rursus
995 1323 1115 1392 venies
1139 1323 1183 1388 ad
1205 1345 1271 1388 no-

273 1433 382 1491 stram
403 1421 569 1495 domum;
603 1420 665 1488 sed
689 1416 779 1488 nihil
796 1422 923 1504 dabo,
936 1422 973 1489 id
990 1437 1060 1507 est,
1085 1437 1271 1492 mutantur

171 1520 176 1537 '
273 1522 379 1593 amici
396 1521 623 1612 introspectis
638 1521 800 1610 ipsorum
820 1525 971 1595 naturis.

375 1637 454 1710 Vss.
478 1634 709 1712 959-962.
748 1639 802 1709 Eo
825 1667 938 1734 usque
960 1645 1073 1713 donec
1100 1646 1176 1737 ipse
1194 1644 1271 1714 bibi

274 1744 407 1813 alonte
423 1742 583 1834 liquido,
610 1741 798 1811 videbatur
816 1768 910 1837 aqua
927 1745 1039 1814 dulcis
1057 1773 1148 1831 esse,
1174 1771 1272 1817 nunc

273 1845 416 1919 turbata
435 1857 487 1913 est
503 1867 616 1936 aqua,
641 1845 809 1916 miscetur
826 1869 958 1931 coeno,
985 1848 1106 1919 bibam
1131 1874 1174 1919 ex
1198 1851 1269 1919 alio

272 1941 412 2041 lonte,]
446 1945 483 2014 id
509 1959 579 2027 est,
624 1960 817 2042 postquam
843 1948 955 2038 ¹video
981 1953 1143 2024 animum
1167 1967 1269 2024 tuum

273 2051 489 2130 alienatum,
529 2048 650 2119 dissuo
683 2051 890 2124 amicitiam.
966 2053 1060 2123 Ama
1094 2069 1268 2150 tanquam

274 2176 419 2234 esurus,
447 2164 482 2219 ct
497 2151 616 2222 oderis
632 2164 804 2247 tanquam
822 2168 1018 2228 amaturus.
1036 2220 1039 2225 .
1115 2162 1119 2167 ’

375 2269 453 2341 Vss.
480 2270 555 2340 965
571 2296 649 2366 sqq.
692 2273 863 2369 Sequitur
893 2290 1123 2368 praeceptum
1147 2290 1269 2371 prova-

274 2374 415 2444 dentiae
433 2385 468 2443 et
483 2373 700 2465 diligentiae.
1183 2416 1186 2421 ·

373 2491 451 2562 Vss.
464 2489 695 2564 963-965.
721 2493 804 2565 Non
819 2495 962 2579 laudes,
995 2498 1112 2590 qualis
1135 2498 1181 2569 sit
1202 2499 1269 2567 im-

270 2607 376 2688 petu,
414 2595 663 2665 moderatione
686 2610 720 2665 et
742 2599 942 2700 moribus,⁸
960 2599 1029 2668 nisi
1051 2626 1130 2670 cum
1154 2602 1268 2670 intro·

269 2697 436 2790 spexeris.
490 2697 669 2790 Perspice,
696 2700 802 2769 inulti
819 2697 954 2771 habent
970 2726 1106 2774 motem
1122 2705 1268 2777 simula-

269 2814 367 2884 tum,
393 2797 639 2898 insidiosum]
666 2800 774 2872 Multi
788 2828 824 2874 se
844 2805 1045 2896 adiungunt
1066 2808 1163 2892 aliis,
1191 2822 1269 2877 tan·
1359 2863 1396 2878 .,

269 2916 346 2974 tum
365 2917 405 2972 ut
422 2903 667 2995 expiscantur,
691 2918 727 2974 et
742 2919 864 2997 postea
879 2912 1038 3000 prodant
1053 2925 1088 2979 et
1102 2912 1268 3004 perdant.

373 3022 433 3092 Vs.
448 3021 535 3093 966.
562 3023 733 3092 Animum
750 3026 856 3096 unius
872 3023 982 3123 diei,]
1018 3030 1149 3114 idest,
1183 3047 1268 3102 sunt

271 3126 377 3197 amici
393 3124 498 3192 unius
519 3124 601 3192 diei.

374 3237 436 3309 Vs.
458 3238 545 3309 967.
587 3239 727 3309 Horum
759 3246 922 3314 omnium
946 3271 1084 3317 morem
1111 3254 1268 3322 ostendit

269 3345 440 3432 tempus]
466 3338 609 3412 Veritas
625 3345 796 3433 temporis
809 3346 894 3417 filia.
944 3348 1116 3421 Simulata
1135 3357 1268 3424 durant

271 3444 551 3538 aliquantisper,
594 3447 751 3515 sednon
774 3463 859 3519 sunt
881 3452 1072 3537 diuturna,
1110 3456 1191 3526 ficta
1218 3460 1266 3528 ad

270 3572 371 3620 suam
387 3559 575 3630 naturam,
601 3549 671 3618 cito
687 3553 850 3625 redeunt.

370 3667 451 3740 Vss.
475 3668 704 3742 968-97u
738 3669 817 3765 Ego
842 3701 985 3771 quoque
1006 3702 1111 3770 saepe
1135 3683 1251 3751 erravi

270 3773 532 3863 praeoccupavi
563 3774 737 3859 laudans,
786 3777 825 3845 id
858 3792 929 3864 est,
972 3781 1071 3872 prius
1105 3784 1264 3870 laudavi,

268 3875 479 3966 priusquam
504 3899 753 3965 cognoscerem
777 3902 895 3950 mores
918 3895 1016 3966 tuos,
1055 3909 1151 3954 nunc
1174 3887 1265 3959 sicut

269 3975 373 4045 navis
388 3977 514 4065 procul
530 3975 701 4075 refugio]
727 3981 826 4051 Sicut
841 3985 943 4055 clavis
957 3987 1047 4054 vitat
1066 3990 1264 4080 scopulum,

268 4076 319 4147 ita
338 4089 375 4145 et
388 4100 454 4165 ego
469 4077 556 4148 tales
571 4074 736 4153 homines
752 4085 839 4154 vito.

370 4177 454 4248 Fuit
472 4178 673 4256 Canonicus
691 4185 991 4274 Wormatiensis,
1027 4188 1138 4264 homo
1160 4197 1264 4265 nobi-

269 4277 313 4349 lis
338 4281 555 4368 cortisanos,
589 4288 750 4378 sapiens,
785 4293 836 4366 titt
859 4290 1030 4388 trefflicher
1045 4296 1157 4389 lttcm
1183 4301 1263 4376 &12

267 4380 455 4476 bttbttgtt3
481 4401 532 4458 est
545 4391 680 4459 familia
697 4394 829 4466 nobilis
851 4399 889 4464 in
913 4400 1120 4493 episcopatu
1136 4404 1264 4473 Trevi-
1348 4424 1353 4432 ·

218 4530 224 4539 ι
267 4486 383 4566 tensi;
409 4511 475 4579 ego
491 4492 578 4561 novi
595 4518 695 4577 eum,
721 4522 826 4588 saepe
841 4502 1008 4573 veniebat
1027 4507 1073 4575 ad
1096 4532 1162 4578 nos
1179 4507 1263 4576 Hei·

262 4582 474 4680 'lelbergam
494 4593 551 4661 ibi
573 4610 651 4664 erat
671 4593 801 4690 hospes
825 4604 1002 4687 doctoris,
1036 4611 1131 4697 apud
1154 4634 1261 4702 quem

267 4690 333 4778 e'go
358 4716 468 4763 eram.
535 4695 624 4770 Erat
645 4695 874 4795 ἀρθρητικὸς
897 4719 931 4774 ει
955 4709 1188 4798 podagricus,
1227 4726 1263 4782 et

268 4803 346 4860 erat
360 4794 464 4863 valde
483 4797 600 4881 dives,
625 4795 781 4873 habebat
804 4828 945 4877 annuos
967 4810 1102 4881 reditus
1123 4812 1262 4907 aliquot

153 4931 161 4945 ·
265 4891 399 4979 millia,
430 4899 515 4990 quia
544 4916 706 4973 creverat
727 4904 866 4977 Romae
890 4933 933 4980 ex
955 4913 1076 4983 multis
1096 4919 1261 4987 sacerdo-

1322 1080 1509 1151 volutahat
1524 1104 1652 1151 manus
1667 1081 1706 1149 in
1721 1105 1831 1162 auro,
1857 1090 1892 1147 et
1908 1078 1977 1148 isto
1989 1083 2192 1170 spectaculo
2208 1081 2322 1150 lenie-

1322 1183 1385 1251 bat
1403 1209 1486 1254 suas
1510 1184 1701 1253 miserias·
1747 1182 1838 1252 Cum
1870 1194 1922 1250 est
1946 1196 2129 1265 mortuus,
2147 1230 2151 1243 «
2170 1184 2318 1278 reliquit

1323 1286 1477 1376 amplius
1492 1287 1589 1356 XXX
1604 1287 1760 1356 millibus
1779 1308 1971 1355 aureorum
1988 1285 2183 1375 pecuniae,
2209 1311 2320 1379 quam

1322 1389 1391 1456 sibi
1404 1389 1613 1458 dividebant
1626 1389 1811 1460 Palatinus
1826 1401 1861 1456 et
1880 1386 2066 1478 episcopus
2081 1387 2321 1461 Trevirensis.

1322 1491 1411 1558 Tria
1428 1493 1540 1560 millia
1556 1494 1736 1560 dabantur
1749 1492 1860 1582 ipsius
1876 1490 2056 1581 cognatis,
2090 1490 2130 1579 itt
2143 1493 2241 1581 theu,
2262 1495 2322 1567 att

1322 1611 1418 1669 utcu
1446 1606 1527 1669 uae
1556 1599 1617 1668 bct
1642 1591 1726 1668 uus
1755 1597 1792 1668 tu
1822 1594 1981 1690 (ξιοαωιιι
2009 1592 2184 1687 genotlleu
2219 1597 2319 1688 betta.

1321 1694 1501 1788 Episcopo
1516 1696 1724 1769 Trevirensi
1738 1694 1830 1767 nihil
1845 1697 1931 1767 satis
1953 1709 2041 1766 erat.
2101 1699 2182 1773 Qut
2202 1698 2242 1790 ill
2264 1706 2319 1776 bet

1322 1800 1554 1892 dubictatis,
1587 1801 1651 1895 qui
1666 1812 1850 1891 acceperat
1877 1799 2068 1891 pecuniam
2091 1802 2252 1886 aGallo,
2278 1814 2322 1895 ut

1320 1903 1512 1975 inclinaret
1535 1930 1616 1975 eum
1641 1903 1680 1973 in
1701 1904 1874 1972 electione
1904 1904 2133 1994 imperatoris
2163 1907 2209 1973 ad
2232 1905 2319 1978 Gat

1320 2006 1416 2090 lum,
1443 2010 1498 2083 bet
1520 2010 1669 2087 tuat·st
1685 2006 1966 2095 διιιηίιὶίξιδε,
1993 2019 2029 2077 ει
2048 2019 2088 2076 ιιι
2110 2021 2230 2101 posset
2250 2002 2319 2077 ho-

1320 2121 1419 2183 noste
1433 2109 1530 2194 fieri,
1557 2110 1775 2200 adiungebat
1792 2110 1860 2183 sibi
1883 2111 2019 2179 bonum
2039 2134 2160 2180 senem
2181 2109 2320 2181 Palati-

1242 2279 1251 2294 ,
1320 2237 1437 2312 num,
1455 2212 1519 2306 qui
1534 2213 1644 2283 etiam
1660 2213 1813 2289 libenter
1830 2211 2025 2305 accipiebat
2045 2213 2255 2307 pecuniam,
2280 2231 2317 2287 tt

1319 2314 1446 2409 [dtugt
1461 2314 1638 2409 sabaiet
1653 2323 1730 2390 cut.
1849 2390 1852 2394 ,

1423 2431 1505 2506 Vss.
1516 2433 1589 2507 971
1604 2462 1684 2531 sqq.
1718 2437 1925 2531 Sequuntur
1940 2435 2134 2529 sententiae
2150 2434 2315 2526 vulgares

1319 2539 1363 2605 de
1382 2539 1638 2611 certaminibus
1656 2541 1941 2632 consputantium
1957 2554 1993 2609 et
2017 2539 2096 2610 aliis
2121 2551 2207 2622 eta,
2238 2537 2318 2631 qui·

1319 2639 1386 2710 bus
1401 2664 1476 2709 non
1494 2665 1585 2733 opus
1601 2655 1655 2713 est
1668 2643 1868 2714 immorari.

1421 2759 1500 2832 Vss.
1525 2761 1598 2833 971
1629 2787 1682 2856 sq.
1716 2761 1818 2854 Quae
1839 2761 1951 2829 virtus
1974 2773 2027 2830 est
2048 2763 2189 2830 auferre
2212 2783 2318 2852 prae·

1318 2887 1432 2933 mrum
1447 2863 1669 2954 potationis?
1695 2888 1786 2956 quae
1805 2876 1857 2933 est
1871 2863 1998 2952 gloria,
2025 2865 2171 2954 quaudo
2187 2862 2317 2955 aliquis

1319 2965 1431 3037 vineit
1459 2965 1500 3035 in
1528 2966 1795 3058 computando?
1834 2988 1940 3057 saepe
1964 2964 2076 3033 vincit
2102 2964 2219 3034 malus
2251 2966 2320 3034 bo·

1318 3065 1439 3165 num]
1466 3067 1600 3139 Fruere
1617 3080 1751 3152 aetate,
1776 3071 1861 3138 dum
1879 3068 2099 3138 conceditur.
2125 3064 2227 3136 Vade
2242 3066 2319 3137 lae·

1318 3184 1394 3241 tare
1416 3196 1497 3241 cum
1520 3172 1783 3243 adolescentula
1806 3170 1967 3262 coniuge.
2029 3168 2207 3253 Utamur,
2240 3193 2318 3239 non

1319 3276 1509 3345 abutamur
1524 3277 1628 3347 donis
1652 3275 1803 3360 divinis,
1837 3286 1932 3346 recte
1955 3288 2121 3354 utamur,
2155 3296 2232 3343 non
2254 3274 2318 3343 ab·

1318 3390 1476 3450 utamur.

1419 3497 1497 3568 Vss.
1524 3496 1761 3570 975--978,Ι
1780 3484 1922 3569 ¹¹Nullus
1954 3490 2167 3577 homiuum,
2206 3462 2312 3587 quem

1317 3613 1507 3693 postquam
1533 3614 1627 3670 terra
1649 3615 1763 3692 teget,
1806 3614 1841 3668 et
1862 3600 2054 3668 descendet
2081 3599 2126 3666 ad
2142 3596 2316 3682 Erebum,

1255 3737 1265 3767 ε
1316 3705 1353 3773 id
1369 3716 1441 3786 est,
1467 3704 1587 3772 lucum
1603 3705 1850 3784 tenebrosum,
1877 3701 2075 3770 delectatur
2090 3700 2237 3771 audiens
2251 3720 2315 3769 ne·

1317 3834 1386 3902 que
1402 3808 1519 3899 lyram
1542 3831 1659 3900 neque
1683 3806 1888 3889 tibicinem,
1920 3830 2037 3900 neque
2060 3808 2190 3878 tollens
2216 3811 2313 3877 dona

1314 3906 1460 3981 Bacchi.
1493 3906 1716 3990 Demulcebo
1726 3932 1801 3992 cor,
1817 3905 1969 4004 (Paulus
1987 3910 2032 3978 ad
2041 3908 2160 3980 Galat.
2171 3913 2204 3994 1,
2215 3908 2313 4005 (10.)

1298 4006 1438 4086 ’πείθω
1462 4004 1711 4108 ἀνθρώπους,
1753 4013 1884 4096 idest,
1918 4011 2071 4095 delinio,
2114 4015 2314 4097 demulceo,

1316 4115 1469 4189 concilio
1497 4114 1587 4187 mihi
1610 4116 1728 4188 Deum
1755 4141 1801 4186 an
1823 4113 2025 4211 homiuem)
2051 4139 2126 4185 non
2153 4129 2309 4187 tremens

1316 4235 1433 4315 caput.

1417 4341 1495 4413 Vss.
1510 4341 1585 4411 979
1599 4365 1678 4433 sqq.
1705 4334 1778 4431 Μή
1792 4364 1858 4432 μοι
1875 4335 1991 4438 ἀνὴρ]
2006 4339 2060 4411 Ι)ε
2073 4339 2205 4413 fucosis
2219 4341 2311 4408 ami-

1314 4445 1424 4538 citiis.
1469 4442 1682 4512 Maledictus
1696 4436 1827 4525 homo,
1854 4443 1917 4536 qui
1931 4445 2078 4516 confidit
2096 4444 2136 4515 in
2158 4441 2310 4516 brachio

1314 4547 1449 4628 earnis,
1477 4558 1512 4615 et
1526 4546 1565 4614 iu
1578 4542 1725 4615 homine
1740 4558 1805 4616 etc.
1846 4546 2033 4642 Nusquam
2047 4555 2125 4627 tu'ta
2139 4552 2225 4620 fides
2243 4562 2310 4622 etc.

1312 4647 1360 4721 Et
1374 4652 1536 4732 studeat,
1560 4643 1651 4717 mibi
1667 4666 1772 4740 opem
1787 4651 1889 4722 ferat.

1414 4768 1494 4841 Vsa.
1518 4768 1594 4840 980
1609 4806 1661 4824 -
1676 4768 1764 4844 982.
1800 4771 1996 4866 Nunquam
2020 4787 2176 4869 utroque
2198 4775 2310 4843 modo
2354 4841 2357 4844 ,

1312 4876 1478 4944 manibus
1493 4887 1528 4944 et
1542 4875 1712 4966 pecunia,
1740 4879 1918 4970 nequead
1936 4879 2063 4969 pocula
2080 4880 2311 4950 sermonibus
2338 4884 2342 4889 ’

265 4994 346 5078 2153,
369 5005 790 5094 gamenjtaparfflsemt
835 5023 964 5081 utnon
985 5009 1135 5087 haberet
1155 5019 1260 5088 fami·
1312 4979 1480 5061 delectet,
1520 4979 1583 5047 sed
1614 4976 1745 5048 faciens
1775 4982 1940 5049 ostendat
1960 4981 1998 5048 in
2023 4977 2230 5076 conviviis]
2264 4978 2310 5050 In

264 5095 371 5181 fiam,
396 5124 472 5170 non
486 5106 661 5198 coquebat
675 5061 809 5192 domi:
819 5134 894 5181 non
910 5110 1066 5187 habebat
1080 5120 1261 5208 ancillam,
1311 5081 1484 5199 conviviis
1498 5082 1668 5151 debemus
1684 5082 1875 5151 convenire
1891 5083 2020 5153 animis
2035 5108 2110 5154 non
2123 5082 2257 5154 infestis
2271 5098 2311 5155 et

265 5202 327 5269 sed
342 5213 480 5274 tantum
497 5207 690 5293 famulum,
718 5236 826 5305 quem
844 5216 1150 5294 malecruciabat.
1191 5223 1260 5294 Co·
1310 5183 1477 5254 numid&
1527 5179 1803 5255 B⁰nih⁰mi⁰e⁵
1829 5187 1974 5278 quand⁰
1998 5200 2163 5257 exercent
2185 5186 2308 5254 inimi'

1310 5286 1411 5357 citias
1435 5286 1491 5357 vel
1514 5288 1709 5370 sustinent,
1744 5287 1807 5381 qui
1836 5300 1958 5357 tamen
1977 5285 2114 5372 ⁴habent
2137 5300 2307 5383 paratum

1309 5390 1471 5461 animum
1486 5390 1531 5457 ad
1545 5389 1791 5475 sanationem,
1817 5390 1996 5462 abstinent
2011 5417 2032 5462 a
2050 5392 2306 5464 commuuione

267 5390 480 5408 m-

298 5474 348 5566 at)
366 5501 439 5569 cept]
459 5506 501 5558 sic
516 5508 617 5574 ωιιμι
634 5508 683 5574 (ς
696 5511 817 5580 1¹⁰⁰ss-
833 5508 1257 5590 mma),u‚1m„,g
1308 5516 1440 5562 coenae
1464 5490 1625 5566 Domini.
1685 5491 1811 5563 Mensa
1838 5497 2039 5569 communis
2068 5497 2137 5569 fuit
2161 5494 2305 5588 signum
