4784 6256
86 181 133 251 et
199 146 208 167 ‘
473 156 659 247 ιιιιιιιιι.
711 170 1000 246 nxruoauo
1033 173 1414 250 suerruruauu
1446 154 1749 255 rnnooutnrs.
2073 198 2122 270 ιε
2204 153 2207 161 ’

81 344 244 446 labore]
265 344 421 442 Quando
437 359 472 418 ιε
487 347 662 440 pertraxit
677 346 715 415 in
730 349 864 418 malum
880 348 1076 440 negotium,
1129 350 1165 417 in
1183 350 1361 442 principio
1378 363 1428 422 est
1444 352 1710 422 accusatorsui.
1762 353 1846 425 Non
1867 369 1922 427 eat
1946 361 2058 435 iustus
2079 365 2119 435 in

80 477 159 523 non
174 451 310 544 poterit
324 474 439 544 neque
453 451 550 520 volet
566 464 600 519 te
616 449 782 531 liberare,
807 475 923 544 neque
941 447 1075 523 habens
1128 465 1242 534 terra,
1270 454 1333 545 qui
1348 457 1438 522 bene
1454 453 1572 536 faciat,
1596 466 1631 522 et
1647 477 1722 523 non
1737 470 1856 545 peccet
1873 454 2117 553 (Ecclesiastes
2175 508 2179 518 ·

79 556 199 636 bona,
231 552 295 621 tibi
319 553 554 643 participare,
586 552 652 621 tibi
674 552 879 643 impartire,
915 578 1075 624 commu·
1128 552 1270 644 7,a1.).
1335 553 1498 625 Primum
1520 556 1588 626 sibi
1613 557 1712 624 domi
1734 557 1830 629 intus
1851 560 1962 650 sapit,
1995 580 2118 654 postea

32 742 39 749 ι
82 657 204 724 nicare
216 655 305 723 illud
321 656 458 724 bonurn
474 655 581 723 volet.
1125 655 1230 736 foris,
1258 668 1293 724 ει
1310 671 1431 746 postea
1448 656 1581 726 iudicat
1600 657 1701 728 alios.

184 769 469 845 vss.105.106.
495 772 737 841 Benel'acienti
759 773 862 840 malis
889 788 940 843 est
956 774 1073 844 vanis-

79 879 168 945 sima
194 877 329 964 gratia,
362 877 431 942 tale
454 889 507 943 est
528 873 704 943 seminare
729 870 900 970 pontum]
933 871 1073 967 Phocy·

79 977 241 1070 lides⁶⁰):

132 1093 203 1190 Μὴ
220 1093 337 1169 κακὸν
361 1089 402 1168 εὖ
424 1092 600 1217 tptpcjh·
629 1089 788 1186 σπείρειν
809 1095 892 1165 ἴσον
916 1091 995 1164 ἔστ’
1018 1089 1074 1165 ἐνὶ

495 1220 634 1289 ποντῳ.

130 1313 172 1384 ln
193 1315 342 1407 privatis
363 1324 479 1406 potest
499 1312 636 1393 vitiari,
663 1313 723 1380 sed
737 1302 784 1379 =‹le
813 1311 963 1404 publicis
985 1311 1072 1380 dicit

78 1417 254 1487 Salomon
262 1415 325 1508 ἠ);
361 1415 463 1483 Mitte
487 1437 616 1503 panem
635 1427 735 1481 tuum
753 1414 790 1480 in
808 1436 939 1507 aquas,
969 1427 1004 1481 et
1018 1426 1070 1481 ta-

80 1542 163 1588 men
179 1517 339 1609 recipies.
391 1515 454 1586 Est
472 1516 668 1584 consolatio
684 1515 723 1581 in
745 1517 937 1583 aerumnis.
986 1515 1068 1585 Non

82 1620 151 1688 erit
164 1619 325 1700 irritum,
352 1618 490 1687 etiarnsi
513 1618 654 1707 ingrato
679 1617 912 1698 benefeceris,
946 1616 1068 1698 idest,

28 1758 33 1765 ·
81 1721 216 1799 semim
234 1744 452 1814 quamquam
470 1719 636 1809 ingratis,
671 1730 791 1786 tamen
815 1718 981 1808 recipies,
1015 1743 1069 1787 re-

81 1822 172 1891 dibit
188 1821 321 1911 gratia,
346 1821 377 1891 si
392 1821 488 1890 voles
504 1822 710 1889 benefacere
724 1817 864 1891 homini
885 1822 1069 1890 scelerato.

80 1925 253 1994 Salomon
266 1923 426 2017 loquitur
443 1926 486 1992 de
510 1923 659 2015 publicis
679 1923 876 2003 beneficiis,
904 1919 1070 2013 Phocyli·

80 2029 142 2097 des
159 2029 202 2096 de
219 2025 379 2117 privatis.
410 2051 418 2074 ·

180 2142 340 2216 vc107.
366 2144 490 2237 Neque
506 2144 620 2234 possis
636 2156 768 2215 metere
783 2144 1000 2235 profundam
1016 2160 1070 2211 se·

86 2242 233 2344 getem.]
259 2243 298 2314 ld
323 2258 393 2329 εει,
429 2247 517 2314 altas
540 2247 658 2334 fruges
687 2246 867 2314 seminans
897 2245 934 2312 iu
965 2240 1069 2322 mari,

79 2372 197 2442 neque
222 2348 446 2417 benefaciens
468 2346 570 2413 malis
593 2347 741 2434 recipies
766 2348 915 2414 bonum.
982 2341 1069 2408 Mali

79 2445 215 2519 habent
229 2445 498 2518 insaturabilem
516 2445 688 2512 animum.
738 2443 862 2534 Aliqui
873 2455 974 2525 sunt,
1009 2441 1071 2532 qui

80 2560 224 2620 tantum
240 2548 367 2615 volunt
386 2543 565 2634 accipere,
591 2553 653 2610 aot
668 2543 796 2634 quibus
812 2542 913 2611 dulce
938 2555 991 2612 εει
1016 2565 1071 2609 ac-

78 2652 223 2741 cipere,
251 2659 287 2715 et
298 2642 389 2715 nibil
405 2644 573 2726 reddere,
606 2643 680 2710 imo
703 2667 770 2734 pro
796 2643 975 2713 beneficiis
997 2666 1071 2710 ma·

77 2755 157 2820 lam
167 2749 318 2840 gratiam
327 2747 715 2816 reddereetconcacare
725 2747 1071 2817 suosbenefactores.

78 2851 180 2923 Haec
194 2851 287 2919 frunt
302 2846 540 2917 communiter
554 2846 592 2912 in
608 2845 693 2915 vita.

166 2966 246 3039 Vs.
265 2967 348 3037 110.
375 2965 542 3034 Priorum
562 2964 724 3033 omniurn
748 2965 857 3036 effusa
883 2981 935 3036 est
959 2965 1071 3057 gratia

65 3058 69 3063 ¹
84 3086 121 3140 et
134 3063 415 3164 benevolentia]

188 3189 257 3238 suot
274 3184 414 3250 hommes,
432 3181 555 3234 bumerIa
572 3193 642 3247 quos
662 3181 687 3232 at
705 3181 767 3245 qula
785 3183 876 3246 gestet
893 3184 928 3233 ad
945 3185 1040 3234 ortem

255 3268 425 3334 ausoniam,
450 3266 544 3319 domiti
563 3278 632 3330 quae
649 3270 730 3329 caput
748 3267 823 3316 orbIs
843 3270 920 3333 crat,

187 3355 245 3406 Noc
260 3356 353 3406 taram
369 3355 405 3404 ad
422 3356 531 3418 portem
548 3351 653 3416 placido
671 3352 790 3413 deponat
806 3352 934 3417 eoadem,

258 3438 357 3490 Gratis
373 3437 520 3503 praeteriti
537 3438 615 3487 nulle
631 3436 736 3487 laboris
754 3435 817 3488 crIt.

138 3524 226 3598 ltem
249 3526 287 3595 in
304 3526 475 3598 Cicerone
497 3536 549 3596 εει
572 3521 641 3594 hoc
667 3525 818 3593 dictum:
869 3524 976 3616 Quod
999 3527 1074 3616 pla-

88 3641 145 3697 cet
173 3628 436 3711 obliviscimur,
463 3629 561 3721 quod
586 3629 683 3694 dolet
698 3626 938 3699 meminimus.
996 3610 1075 3703 Nice

88 3732 192 3803 εἱιιιιιι
205 3748 272 3804 ιιι
285 3728 417 3824 (dulgas
429 3728 531 3824 Iyitftt,
557 3733 611 3803 tet
626 3725 716 3821 bittit
729 3730 831 3801 εἰιιιιιι
847 3730 966 3804 stete
981 3732 1075 3804 bron.

87 3827 320 3921 phocylides:

145 3942 217 4041 Μὴ
247 3943 359 4043 φίλον
395 3944 570 4042 ἐχθαίρῃς
610 3921 825 4044 ἆμαρτάδος
863 3946 984 4020 εἵνεκα
1015 3972 1077 4040 μι-

499 4047 652 4146 sociem).

1230 773 1512 849 Vss.111.11e.
1536 775 1645 859 Boni,
1670 777 1819 867 integri,
1844 774 2007 864 honesti,
2033 807 2116 853 can-

1124 873 1200 940 didi
1225 876 1393 950 fruontur
1423 900 1554 968 magna
1584 892 1751 969 exparte
1776 880 1987 970 accipientes
2008 885 2114 953 benc-

1123 976 1261 1059 ficium,
1295 972 1428 1047 habent
1450 979 1681 1061 memoriam,
1718 980 1873 1049 retinent
1899 987 2113 1057 memoriam

1124 1089 1158 1143 et
1181 1080 1332 1166 gratiam
1353 1078 1509 1176 postea]
1549 1082 1740 1151 Gratitudo
1771 1094 1824 1153 εει
1849 1085 1980 1156 veritas
2003 1100 2039 1154 et
2060 1089 2113 1157 iu·

1123 1178 1230 1248 stitia.
1294 1180 1434 1252 Veritas
1461 1183 1586 1251 tribuit
1613 1184 1783 1251 beneficia
1814 1183 1904 1266 illis,
1941 1189 2111 1278 aquibus

1122 1293 1205 1349 sunt
1222 1295 1383 1373 accepta,
1417 1297 1453 1352 ει
1473 1284 1605 1354 iustitia
1630 1285 1763 1375 obligat
1784 1285 1937 1356 vicissim
1963 1291 2007 1356 ad
2033 1316 2112 1359 mu-

1122 1393 1221 1450 tuam
1235 1385 1534 1455 benevolentiam.

1222 1501 1299 1571 Vss.
1318 1504 1541 1575 113-117.
1568 1503 1762 1599 Nunquam
1779 1507 1886 1576 facias
1901 1508 2035 1576 malum
2053 1537 2109 1580 so-

1121 1600 1235 1687 cium,
1262 1605 1436 1687 amicum,
1462 1607 1524 1674 sed
1538 1629 1678 1696 semper
1694 1607 1826 1695 fugito,
1860 1607 1949 1677 sicut
1973 1612 2108 1681 malum

1120 1716 1277 1792 portum.
1330 1705 1436 1775 Multi
1450 1719 1532 1776 sunt
1549 1707 1635 1776 socii
1652 1706 1720 1774 cibi
1739 1720 1773 1775 et
1791 1702 1915 1797 polus,
1941 1710 1979 1776 in
2001 1730 2128 1801 ιιειιο-1

1120 1805 1171 1872 ιίο
1187 1807 1279 1876 serio
1296 1809 1492 1896 pauciores.
1542 1804 1639 1878 Nihil
1656 1808 1830 1879 difficilius
1847 1834 1953 1902 quarn
1978 1836 2109 1901 cogno·

1121 1931 1217 1976 scere
1239 1908 1355 1978 virum
1379 1907 1569 2006 fucatum]
1595 1905 1795 2004 κίβδηλον,
1828 1911 1864 1978 id
1892 1924 1961 1995 εει,
1996 1911 2141 2008 folltht.

1120 2008 1255 2100 Ilttng,
1281 2012 1480 2080 adulterina
1498 2025 1654 2082 moneta.
1714 2010 1781 2082 Hic
1801 2012 1975 2103 significat
1994 2012 2107 2108 hypo-

1121 2112 1265 2195 critam,
1293 2114 1631 2211 amicumsucatum.
1685 2109 1915 2185 Theocritus:

1171 2227 1348 2304 Χαλεπὸν
1365 2227 1403 2303 d’
1419 2227 1547 2326 ἑτέρου
1562 2228 1652 2305 νοὸν
1669 2227 1817 2324 ἴδμεναι
1834 2227 1982 2326 ἀνδρός.

1120 2347 1271 2416 Difficile
1300 2362 1352 2418 est
1371 2350 1516 2420 alterius
1537 2364 1693 2420 mentem
1718 2374 1874 2422 noscere.
1934 2351 2108 2422 Latebrae

1121 2449 1275 2537 pectoris
1291 2462 1373 2516 sunt
1390 2453 1570 2520 abstrusae
1593 2465 1627 2520 et
1641 2453 1860 2542 profundae,
1892 2477 1966 2521 non
1988 2456 2108 2524 statim

1121 2561 1269 2637 possunt
1287 2549 1402 2615 evolvi
1417 2564 1583 2638 pectora,
1617 2573 1693 2625 matt
1715 2553 1776 2624 lan
1798 2554 1882 2640 ηἰῴῒ
1905 2556 1981 2628 balb
2004 2554 2109 2645 leben,

1122 2654 1196 2721 Ital
1212 2649 1324 2741 hinbtt
1339 2648 1440 2721 etnam
1455 2647 1553 2734 stadt.
1605 2653 1674 2720 Sed
1697 2653 1917 2721 occasionem
1941 2654 2109 2744 introspi-

1123 2751 1239 2819 ciendi
1254 2746 1417 2820 bomines
1435 2765 1575 2840 ternpus
1595 2751 1708 2841 ipsum
1734 2752 1880 2841 praebet
1901 2764 1936 2820 et
1958 2754 2109 2824 varietas

1122 2852 1369 2943 negotiorum,
1396 2856 1454 2923 sed
1471 2875 1545 2919 non
1560 2865 1677 2942 potest
1693 2853 1768 2921 beri
1784 2855 1913 2922 subito.

1225 2955 1319 3026 Nota
1345 2967 1397 3024 est
1416 2951 1564 3023 historia
1588 2955 1630 3022 de
1653 2955 1798 3036 Momo,
1832 2956 1976 3047 quando
1999 2967 2110 3023 certa·
2139 2960 2142 2965 ’

1123 3070 1253 3126 verunt
1281 3058 1324 3124 de
1356 3068 1431 3124 arte
1461 3055 1597 3137 Pallas,
1631 3054 1812 3124 Vulcanus
1846 3068 1880 3123 et
1911 3054 2110 3145 Neptunus.

1123 3157 1309 3248 Neptunus
1332 3156 1413 3225 fecit
1438 3170 1600 3238 taurum,
1640 3155 1759 3225 Pallas
1782 3155 1950 3238 domum,
1983 3154 2111 3225 Vulca-

1124 3285 1191 3329 nus
1212 3256 1415 3339 bominem,
1458 3254 1513 3326 his
1539 3257 1607 3325 fuit
1626 3253 1806 3328 adhibitus
1828 3258 1971 3327 Momus
1993 3258 2110 3340 iudex,

1126 3361 1188 3454 qui
1201 3362 1238 3428 in
1254 3373 1359 3429 tauro
1375 3355 1615 3450 reprehendit,
1643 3361 1739 3451 quod
1755 3382 1888 3429 cornua
1904 3382 1978 3428 non
1996 3373 2111 3430 essent

1124 3461 1240 3553 posita
1258 3463 1337 3529 loco
1352 3461 1555 3531 firmissimo
1571 3462 1609 3527 in
1622 3456 1777 3530 thorace.
1810 3458 1850 3529 ln
1867 3461 1975 3529 domo
1992 3462 2110 3530 nescio

1127 3564 1212 3657 quid
1233 3558 1474 3654 reprehendit.
1539 3559 1577 3630 ln
1602 3558 1746 3631 homine
1771 3557 1840 3630 hoc
1870 3556 2110 3652 reprehendit,

1127 3669 1224 3759 quod
1239 3678 1363 3757 pectus
1376 3689 1449 3733 non
1465 3677 1555 3734 esset
1567 3666 1818 3745 fenestratum,
1846 3667 1913 3736 ’δαῦ
1926 3654 2041 3756 gelpdtt
2055 3667 2111 3735 ba:

1126 3769 1202 3861 bin,
1233 3780 1275 3836 ut
1295 3762 1460 3837 homines
1483 3790 1558 3834 non
1581 3766 1702 3833 vivant
1725 3763 1936 3845 bestialiter,
1968 3763 2029 3832 sed
2049 3765 2111 3830 ad·

1126 3867 1274 3938 hibeant
1287 3868 1508 3958 diligentiam
1528 3869 1565 3936 in
1592 3867 1826 3936 diiudicandis
1846 3861 2033 3956 bominum
2056 3864 2111 3931 in·

1128 3971 1258 4061 geniis,
1304 3995 1384 4038 curn
1418 3969 1546 4063 quibus
1579 3979 1859 4050 conversantur,
1896 3970 1958 4040 tuit
1990 3964 2111 4054 muner

1129 4072 1265 4166 ternod)
1281 4072 1332 4162 bie
1346 4072 1405 4162 bct)
1419 4075 1572 4145 errante
1587 4074 1647 4144 mit
1661 4071 1778 4144 ἓιιιιιιι
1796 4070 1986 4162 ombgctpeo.
2027 4065 2110 4136 Ideo

142 4167 238 4237 Haec
260 4167 335 4237 vita
357 4189 431 4235 non
450 4164 525 4234 abit
546 4166 622 4236 sine
645 4166 793 4250 erratis,
821 4162 1077 4236 Offentlffillbus
1127 4170 1216 4243 haec
1230 4174 1413 4261 diligentia
1428 4186 1463 4241 ει
1477 4174 1665 4262 prudentia
1688 4173 1725 4238 in
1750 4173 1932 4241 communi
1954 4170 2026 4237 vita
2050 4192 2112 4235 ne-

90 4284 126 4341 et
139 4270 315 4362 lapsibus,
343 4269 450 4337 etiam
475 4267 562 4336 boui
583 4265 716 4337 habent
740 4292 822 4337 suos
847 4268 985 4359 lapsus,
1017 4268 1078 4336 sed
1129 4275 1277 4346 cessaria
1303 4288 1365 4342 est.
1424 4274 1578 4363 Oportet
1596 4269 1779 4341 bominem
1802 4272 1943 4352 videre,
1975 4293 2020 4336 ne
2043 4271 2114 4337 sint

90 4371 278 4444 sanabiles.
323 4365 489 4442 ’Axeoroi
510 4364 550 4441 δι’
574 4367 704 4464 φρένες
726 4369 874 4442 ἐσθλῶν
897 4368 983 4437 dicit
1005 4367 1080 4435 Ho-

1129 4378 1225 4445 intus
1240 4375 1396 4442 latrones
1411 4386 1446 4442 ει
1460 4373 1658 4464 parricidae
1675 4371 1747 4454 illi,
1779 4396 1858 4440 cum
1881 4370 2009 4463 quibus
2029 4395 2114 4438 con-

90 4473 279 4567 merus⁷⁸).
330 4469 587 4563 Ignoscendum
611 4482 664 4545 est
685 4471 914 4542 sanabilibus.
965 4468 1079 4540 lustos
1130 4488 1301 4546 versatur.
1351 4475 1551 4566 Antigonus
1564 4474 1665 4545 iussit
1685 4472 1875 4542 sacrificari
1898 4495 1965 4563 pro
1986 4493 2043 4553 se,
2076 4481 2116 4539 ut

124 4657 175 4717 0)
192 4652 463 4717 Pseudophooylldea
487 4664 531 4703 va.
546 4654 606 4707 ut.
630 4652 680 4706 Ειι.
705 4652 793 4706 Gaul.
817 4654 934 4716 (Poetae
959 4652 1081 4703 minores

160 4724 266 4789 gruel.
289 4723 340 4773 ut
358 4721 497 4773 emtore.
523 4721 587 4772 vot.
599 4722 620 4770 I.
644 4736 669 4785 p.
684 4720 815 4787 stupet
839 4723 938 4786 Bergk.
964 4719 1081 4780 (Poetae

160 4791 246 4857 tyreu
260 4788 366 4865 μοι
383 4802 409 4851 o.
426 4789 511 4846 ιιι).

126 4876 176 4943 w)
193 4864 288 4947 ‘affl
304 4875 347 4926 ιιι
363 4874 413 4924 lut
428 4873 502 4924 ιιιθιι.
522 4874 551 4921 ct
569 4872 677 4936 GairI.;
700 4875 802 4937 Bergk.
824 4869 908 4941 ἔρξῃς.

128 4960 383 5019 strumentus
403 4959 445 5021 n,
466 4959 489 5008 ι.

1130 4579 1227 4647 Deus
1242 4578 1359 4668 ipsum
1375 4577 1579 4646 defenderet
1594 4578 1639 4644 ab
1654 4575 1796 4658 amicis,
1831 4575 1914 4665 quia
1936 4596 1973 4642 se
1997 4573 2116 4640 desen·

1130 4704 1253 4750 aurum
1269 4703 1305 4748 se
1321 4680 1437 4770 ipsum
1453 4681 1620 4748 adversus
1636 4677 1799 4745 inimicos
1815 4687 1880 4743 etc.
1905 4674 1995 4742 Sunt
2010 4672 2091 4741 ioci.

1232 4794 1293 4867 Vs.
1315 4797 1398 4868 118.
1439 4791 1538 4866 Nihil
1571 4795 1684 4887 pluris
1718 4807 1771 4864 est
1802 4791 2002 4862 faciendum
2037 4812 2119 4859 cau-

1132 4893 1263 4995 tione]
1296 4894 1335 4967 ld
1358 4909 1429 4980 est,
1470 4897 1673 4987 diligentia,
1706 4895 1916 4986 prodentia,
1951 4898 2120 4983 quaeest

132 5042 653 5115 ta)pos(›ss]1tttoffl.l.t.nato:
679 5044 780 5110 mo„
798 5045 883 5105 (cont.
904 5040 1007 5109 Μ).
1034 5039 1085 5091 m,
1134 4997 1507 5068 etiamadhihendain
1526 4999 1583 5064 illa
1601 5011 1702 5088 parte
1724 4998 1836 5080 vitae,
1871 4996 1909 5062 in
1932 4992 2047 5074 victu,
2082 4991 2122 5056 in

168 5126 264 5164 verm
287 5115 316 5164 In
338 5109 497 5173 Phocylldla
520 5110 698 5172 rottqotarum
717 5114 799 5164 IIdItt.
824 5111 914 5163 Golas.
938 5112 966 5159 ot
984 5108 1083 5172 Bergk.

171 5193 252 5241 sopra
269 5181 387 5232 laodatlr
406 5190 461 5229 non
478 5178 625 5230 Invenitur.

135 5260 187 5321 ⁷2)
202 5264 279 5316 Iton.
296 5266 330 5314 II.
341 5264 416 5327 IIIII,
435 5264 491 5313 ιιῠ.
501 5296 510 5325 ,
532 5263 577 5311 ubi
594 5268 684 5314 auten
704 5277 753 5326 pro
771 5259 799 5314 di
819 5264 919 5329 IegItur
937 5278 977 5311 ror
994 5263 1020 5312 Io
1035 5261 1085 5318 Ed.

171 5330 263 5382 WoIt.

97 5413 289 5476 urrann.
311 5412 415 5477 Oeen.
439 5411 523 5472 Vos.
546 5411 634 5472 ΧΙΧ.

1135 5102 1403 5170 conversatione
1418 5094 1618 5168 hominum.

1224 5201 1296 5299 ,Vs
1314 5197 1538 5272 119-124.
1570 5199 1707 5269 Aurum
1733 5195 1971 5266 adulterinum
1995 5208 2046 5264 est
2068 5206 2121 5261 to·

1135 5304 1301 5384 lerabile,
1328 5315 1362 5370 et
1379 5295 1641 5392 deprehendere
1662 5299 1896 5387 imposturam
1918 5294 2018 5363 facile
2041 5293 2121 5357 viro

1592 5399 1616 5466 6
