4784 6256
526 40 545 77 μ

173 286 250 413 bell
365 378 369 385 ·
494 327 583 401 XCI.
635 324 920 400 ENARRATIO
952 325 1082 398 LIBRI
1107 324 1185 397 Vll.
1219 308 1692 397 METAMORPHOSEON
1726 322 1885 398 OVlDll.
2122 329 2197 406 570

175 512 330 584 fatetur,
364 525 439 570 non
467 496 779 579 essebonestum,
818 510 860 566 ut
881 500 956 589 ipsa
982 497 1027 568 sit
1053 499 1167 589 magis
1215 521 1321 578 mus,
1345 508 1380 565 et
1396 497 1567 566 excellens
1581 497 1676 566 illius
1691 497 1806 565 forma
1823 492 1913 565 mibi
1928 503 2143 589 persuadent
2158 528 2199 573 ac

178 627 360 702 propensa
393 625 474 693 erga
501 613 678 683 exterum,
721 623 828 693 quam
858 623 939 689 erga
968 613 1166 690 parentem.
1214 598 1449 689 pollicentur,
1476 597 1577 666 illum
1599 601 1677 667 fore
1697 594 1788 667 nihil
1812 602 1929 669 minus
1956 626 2063 692 quam
2080 605 2198 694 ingra-

178 711 247 780 Sed
268 704 351 777 huic
375 716 586 794 argumento
612 701 764 791 opponit
786 701 1031 782 contrarium,
1068 702 1166 770 vide·
1215 711 1305 768 tum.
1336 700 1435 791 Quin
1450 699 1556 767 etiam
1577 701 1794 791 obligabitur
1810 701 2058 787 iureiurando,
2084 706 2199 795 prius-

175 813 260 880 licet
278 832 315 878 se
331 829 407 873 non
422 829 526 895 posse
542 827 617 871 non
634 805 753 872 lavere
770 799 889 871 Iasoni
905 814 1053 893 propter
1069 827 1167 892 egre·
1217 823 1324 892 quam
1348 824 1368 867 a
1395 824 1452 868 me
1473 800 1634 884 iuvetur,
1661 801 1825 893 quamvis
1848 803 1984 897 alioqui
1997 821 2200 881 servaturus

178 913 254 1002 gias
276 909 388 1000 ipsius
415 909 533 988 dotes,
567 917 714 995 propter
736 916 908 986 aetatem,
941 927 1069 993 genus,
1097 905 1167 972 vir·
1216 902 1261 970 sit
1288 903 1416 982 fidem,
1463 898 1588 992 utpote
1623 928 1764 973 summo
1797 907 1968 975 beneficio
2003 909 2198 982 devinctus.

180 1023 338 1082 tutemet
354 1010 525 1085 formam3
553 1030 660 1099 seque
676 1016 782 1072 vocat
798 1005 1048 1073 immaniorem
1067 1006 1168 1074 omni
1217 1003 1285 1071 Sed
1305 1003 1391 1095 quid
1414 1028 1552 1072 mecum
1578 1005 1640 1074 diu
1656 1006 1824 1096 disputo?
1849 1023 1988 1090 metuo,
2015 1033 2106 1101 quae
2125 1036 2200 1080 non
2273 1048 2282 1057 ·

179 1114 320 1194 bellua,
354 1111 384 1181 si
402 1107 458 1178 bis
482 1108 624 1177 dotibus
646 1102 737 1174 nibil
760 1120 960 1174 moveatur.
1027 1104 1168 1175 Deinde
1218 1116 1300 1171 sunt
1317 1107 1518 1174 metuenda.
1559 1103 1620 1174 llle
1637 1133 1694 1176 me
1709 1107 1867 1196 legitimo
1886 1111 2118 1179 matrimonio
2133 1113 2201 1181 sibi

184 1224 458 1303 argumentatur
476 1234 495 1278 a
512 1209 733 1290 necessario,
759 1208 859 1276 illum
883 1208 1011 1281 misere
1034 1209 1167 1298 peritu-
1218 1203 1376 1272 iunctam
1394 1208 1610 1278 adducturus
1630 1209 1735 1278 estin
1751 1209 1959 1294 Graeciam,
1982 1213 2043 1282 ubi
2061 1238 2122 1283 ero
2147 1238 2201 1283 ce·

180 1339 282 1396 rum,
307 1313 378 1381 nisi
404 1311 603 1381 adiuvetur.
664 1309 771 1400 Quod
799 1325 1049 1400 argumentum
1073 1310 1167 1378 ratio
1218 1305 1325 1374 lebris
1342 1319 1377 1374 et
1396 1303 1586 1377 honorata.
1637 1309 1734 1401 Ergo
1751 1313 1934 1383 discedens
1951 1314 2111 1383 deseram
2135 1340 2200 1407 ego

180 1417 314 1487 refutat
331 1414 377 1481 ab
390 1409 562 1495 honesto,
589 1411 728 1480 etiamsi
754 1410 811 1479 ille
837 1413 952 1479 amari
977 1424 1169 1494 mereatur,
1219 1406 1371 1496 patriam
1398 1422 1432 1476 et
1455 1410 1666 1497 parentem?
1716 1413 1813 1504 Quid
1836 1416 1937 1484 tum?
1975 1429 2078 1507 pater
2105 1419 2200 1486 enim

181 1531 303 1586 tamen
321 1527 510 1606 propterea
526 1507 617 1580 nibil
637 1513 805 1581 scelerate
821 1512 1022 1584 laciendum
1042 1525 1167 1580 contra
1220 1519 1272 1576 est
1294 1529 1416 1597 asper,
1449 1515 1559 1579 durus
1573 1509 1641 1608 ⁷⁰),
1676 1526 1710 1581 et
1732 1514 1917 1599 immanis,
1950 1529 1984 1584 et
2009 1520 2124 1607 patria
2149 1531 2203 1590 est

181 1617 357 1709 patriam;
381 1617 465 1684 item
483 1616 528 1682 ab
544 1627 693 1695 eventu,
721 1636 793 1682 esse
811 1612 999 1699 incertum,
1026 1614 1168 1705 qualem
1219 1607 1383 1679 barbara.
1429 1609 1531 1678 Hanc
1545 1613 1691 1680 mutabo
1710 1614 1858 1683 meliore
1876 1630 1911 1685 et
1926 1618 2075 1688 cultiore
2093 1633 2201 1703 terra,

182 1721 243 1787 ille
266 1716 417 1808 gratiam
441 1716 487 1785 sit
515 1715 689 1784 relaturus
717 1713 749 1781 ei
771 1736 838 1803 pro
856 1727 955 1785 tanto
978 1714 1169 1793 beneficio;
1219 1732 1388 1799 magnam
1436 1712 1594 1781 nominis
1648 1714 1887 1784 celebritatem
1938 1734 2203 1814 consequutura

184 1833 220 1888 et
243 1820 287 1886 ab
309 1816 445 1886 itineris
468 1816 648 1906 periculo,
682 1839 755 1885 esse
774 1815 952 1885 difficilem
976 1840 1017 1886 ac
1033 1816 1171 1904 pericu·
1221 1812 1316 1901 apud
1332 1806 1607 1883 humanissimas
1632 1828 1770 1905 gentes,
1798 1813 1865 1886 hac
1890 1818 2060 1890 nimirum
2084 1822 2203 1904 laude,

181 1923 296 1989 losam
333 1917 599 2007 navigationem
639 1941 681 1985 ex
717 1913 858 1988 Colchis
888 1920 928 1986 in
962 1919 1169 1989 Graeciam.
1222 1913 1319 2004 quod
1342 1913 1418 2003 ipsa
1434 1912 1482 2006 ⁷¹)
1508 1915 1729 1986 Graecorum
1750 1920 1898 1988 salutem
1921 1922 2058 2011 patriae
2084 1935 2119 1991 et
2142 1946 2204 2012 pa·

184 2020 285 2112 Quae
309 2030 519 2109 argumenta
535 2018 746 2087 refelluntur
765 2015 833 2087 boc
849 2023 977 2089 modo:
1010 2021 1172 2090 sednon
1222 2013 1317 2082 renti
1340 2016 1515 2084 anteferre
1540 2041 1615 2085 non
1637 2019 1850 2090 dubitarim:
1892 2024 2061 2115 quodque
2087 2018 2206 2092 adhuc

185 2144 357 2212 apparere
390 2146 472 2190 eum
498 2122 575 2189 fore
608 2120 809 2210 ingratum3
849 2121 934 2190 item
966 2122 1170 2213 amplexum
1222 2116 1335 2204 pluris
1350 2117 1465 2196 facio,
1491 2112 1658 2188 habitura
1674 2146 1752 2190 sum
1769 2123 1875 2192 talem
1889 2125 2073 2208 maritum,
2096 2148 2205 2216 quem

187 2225 261 2294 eius
277 2233 481 2290 amoturum
500 2242 576 2290 esse
590 2245 732 2288 omnem
751 2221 899 2309 periculi
915 2235 1062 2292 metum.
1224 2240 1304 2285 cum
1326 2218 1492 2293 omnibus
1514 2220 1642 2309 opibus
1664 2235 1700 2290 et
1715 2225 1833 2312 regnis
1848 2249 1923 2293 non
1940 2228 2204 2295 commutarim.

241 2346 245 2353 ·
290 2322 387 2390 Haec
411 2334 463 2390 est
486 2345 625 2389 summa
657 2320 927 2410 disputationis,
966 2347 1058 2416 qnae
1078 2322 1173 2414 peri·
1224 2317 1292 2384 Sed
1310 2318 1491 2406 navigatio
1512 2321 1697 2391 subeunda
1713 2324 1868 2394 deterret
1882 2351 1955 2405 me;
1983 2328 2091 2397 audio
2108 2327 2205 2395 enim

185 2420 309 2516 phrasi
340 2421 508 2513 explicari
538 2420 650 2510 possit
680 2421 737 2488 vel
766 2416 835 2489 hoc
860 2426 988 2492 modo:
1031 2423 1174 2504 Nescio,
1224 2416 1261 2483 in
1282 2418 1375 2484 mari
1398 2425 1471 2487 esse
1496 2434 1678 2505 monstra,
1709 2425 1828 2493 nescio
1853 2451 1957 2518 quae.
2016 2428 2093 2518 Ego
2119 2451 2204 2497 vero

187 2523 267 2616 quis
288 2534 407 2591 motus
432 2521 566 2589 rationi
589 2544 664 2589 non
685 2522 936 2612 obtemperans
960 2537 1077 2595 verset
1096 2523 1173 2591 ani·
1224 2513 1315 2586 nibil
1330 2542 1453 2587 moror
1469 2519 1626 2609 pericula
1640 2574 1650 2604 ‚
1666 2548 1899 2619 quaecunque
1915 2524 2005 2595 mihi
2019 2531 2205 2599 subeunda

186 2648 289 2693 mum
303 2647 443 2701 meum;
478 2634 571 2691 certe
590 2634 764 2714 quantum
783 2624 963 2716 intelligo,
990 2649 1093 2695 amor
1110 2636 1174 2694 est.
1224 2631 1323 2698 sunt;
1349 2644 1410 2688 ero
1428 2622 1523 2689 enim
1540 2623 1579 2689 in
1603 2626 1789 2715 complexu
1810 2640 1844 2695 et
1867 2630 2003 2718 gremio
2029 2631 2139 2720 ipsius
2153 2626 2208 2696 la·

187 2724 262 2795 Cur
282 2723 377 2793 enim
391 2724 550 2815 parentis
564 2723 657 2793 iussa
675 2719 767 2792 mihi
789 2725 1001 2816 displicent?
1034 2750 1098 2795 cur
1121 2724 1174 2794 la·
1225 2721 1321 2790 sonis
1341 2744 1463 2790 secura
1481 2734 1546 2792 etc.
1576 2794 1582 2799 ,

187 2826 268 2897 soni
296 2824 445 2894 metuo?
491 2824 603 2916 Atqui
629 2836 745 2893 castae
772 2829 902 2897 mentis
933 2841 985 2899 est
1011 2829 1174 2897 resistere
1324 2823 1442 2891 Porro
1467 2824 1507 2892 in
1531 2826 1601 2894 fine
1617 2822 1723 2897 huius
1739 2827 1990 2918 disputationis
2006 2831 2102 2920 apud
2120 2829 2207 2898 ovi-

187 2928 316 2998 amori.
373 2927 523 3006 Fateor·;
549 2927 611 2995 sed
635 2925 698 3017 qui
719 2929 889 3017 possum?
921 2928 1098 3021 Equidem
1121 2929 1175 2996 lu·
1226 2922 1323 2991 dium
1342 2926 1413 2992 duo
1430 2921 1545 2995 adbuc
1563 2929 1784 2998 observanda
1801 2944 1899 2999 sunt:
1928 2931 2093 3015 alterum,
2109 2930 2207 3024 quod

187 3040 264 3099 ctor
295 3031 463 3109 inecum,
504 3040 611 3119 atque
647 3026 760 3096 invita
794 3027 877 3099 huic
910 3029 1176 3122 perturbationi
1227 3025 1276 3092 ait
1302 3022 1397 3119 (Vss.
1412 3025 1462 3094 69
1479 3026 1567 3120 sq.):

188 3129 301 3198 animi
323 3129 531 3206 succumbo;
567 3129 665 3196 aliud
692 3129 786 3197 enim
811 3155 933 3215 amor,
959 3133 1057 3203 aliud
1081 3131 1175 3198 ratio
1669 3150 1878 3240 ,mamque
1892 3153 2158 3236 mmmmm

189 3232 324 3302 suadet.
393 3234 446 3300 Ac
480 3252 700 3322 quamquam
733 3253 809 3298 non
845 3232 974 3321 ignoro
1008 3233 1174 3301 affectum
1275 3248 1443 3332 15555555,
1469 3248 1610 3328 Medea,
1637 3257 1726 3315 5555,

189 3333 323 3402 amoris
347 3356 420 3402 esse
455 3331 647 3421 pessimum
675 3332 931 3401 consultorem:
980 3347 1101 3402 tamen
1123 3333 1177 3401 illi

190 3435 436 3525 obtemperare
460 3456 580 3524 cogor.
640 3431 828 3502 Verum-si
853 3436 1173 3526 obtemperandum

191 3548 243 3605 est
256 3537 392 3618 amori,
407 3535 481 3604 ‘cur
495 3535 589 3623 regis
609 3534 681 3614 filia
706 3546 865 3603 exterum
883 3549 991 3628 atque
1011 3537 1175 3626 ignotum

191 3637 300 3704 amo?
347 3636 521 3728 siquidem
549 3631 636 3702 haec
659 3658 803 3727 quoque
824 3648 919 3704 terra
944 3632 1052 3707 hebet
1074 3662 1177 3728 prae-

190 3750 323 3808 stantes
339 3740 453 3818 viros,
480 3735 646 3823 coniugio
660 3759 740 3802 meo
755 3759 831 3802 non
847 3737 1026 3827 indignos.
1079 3739 1176 3830 Quid
1228 3784 1276 3855 73
1318 3783 1533 3877 76-83)‚

191 3860 277 3924 ergo
308 3839 353 3903 de
383 3837 445 3903 illo
478 3835 628 3904 sollicita
654 3835 757 3902 sum?
800 3838 931 3927 quidve
955 3864 1032 3909 mea
1056 3842 1177 3924 refert,
1797 3910 1804 3925 ,

192 3938 267 4006 sive
286 3936 403 4016 vivat,
429 3936 502 4004 sive
519 3934 697 4002 intereat?
729 3931 829 4005 Nihil
846 3937 1009 4029 quidem;
1044 3943 1105 4010 sed
1124 3954 1176 4009 ta·
1380 3915 1458 3974 mlle
1472 3909 1581 3976 ΝΜ
1596 3917 1741 3988 'mum'
1767 3916 1957 3998 ''ww‘’
1980 3909 2149 3998 W‘lwl‘ae

191 4060 297 4118 men,
324 4037 407 4128 quia
426 4035 565 4105 iuvenis
582 4047 634 4104 est
655 4035 841 4104 nobilitate
863 4041 1021 4127 generis,
1045 4042 1176 4111 virtute
1280 4010 1525 4127 ⁰⁰''flllera'll’
1551 4018 1583 4077 ‘l
1598 4012 1684 4078 ”lm
1698 4010 1799 4077 ‘lam
1816 4011 1993 4095 lamma
2010 4010 2144 4094 cupida
2178 4116 2183 4128 Ι

192 4153 228 4209 et
242 4140 358 4207 forma
375 4152 579 4228 praestans,
606 4137 727 4204 malim
749 4163 830 4207 eum
854 4139 973 4208 vivere
996 4165 1103 4234 quam
1123 4145 1176 4210 in·
1280 4111 1324 4178 El
1348 4132 1418 4176 mm
1440 4109 1573 4196 fram
1588 4108 1635 4203 τα)
1659 4119 1752 4191 “ala
1776 4110 1956 4202 ΙΜῙΜΨΨ3
1980 4114 2149 4179 medem
2163 4107 2209 4202 υ)

191 4241 319 4310 terire.
377 4238 470 4311 lllud
493 4239 637 4334 quidem
658 4237 758 4323 licet,
791 4240 847 4309 vel
872 4242 1005 4335 absque
1030 4243 1176 4312 infamia
1408 4314 1415 4330 ,
1615 4213 1756 4329 ‚aalma
1815 4313 1823 4330 ·

192 4343 336 4415 amoris.
387 4343 436 4411 At
450 4367 525 4411 non
540 4341 633 4411 votis
656 4352 816 4423 tantuin,
842 4343 904 4412 sed
918 4343 1019 4412 factis
1036 4367 1177 4415 conser-
1281 4314 1362 4381 cum
1383 4315 1470 4379 ‘mm
1497 4314 1707 4392 A⁶⁸⁰mdm3
1748 4321 1962 4405 emmaque
1984 4309 2125 4396 flamma
2158 4332 2213 4378 ’⁴³'

194 4447 309 4513 vanda
340 4458 392 4516 est
423 4445 518 4515 illius
551 4444 643 4527 vita,
685 4443 821 4537 alioqui
845 4443 972 4513 misere
1003 4444 1177 4516 interibit.
1637 4409 1814 4504 tuatim),
1938 4516 1945 4532 ,

192 4545 289 4636 Ergo
314 4571 393 4615 cum
417 4559 560 4636 praeter
578 4571 634 4615 me
657 4568 763 4614 nemo
778 4544 829 4614 illi
846 4545 1034 4615 subvenire
1052 4546 1191 4639 possit,¹
1280 4518 1325 4582 El
1337 4516 1479 4583 'ulum
1491 4536 1614 4600 9⁰m¹⁰³
1641 4523 1771 4603 ’ΜΨ
1785 4515 1961 4582 '‘mm''
1977 4537 2044 4583 m·

194 4672 255 4716 ero
283 4648 478 4716 immanior
509 4647 608 4715 omni
638 4646 776 4731 bellua,
818 4670 880 4717 ero
907 4649 1006 4717 omni
1029 4672 1114 4718 saxo
1143 4661 1179 4718 et
1250 4719 1253 4727 ,
1283 4617 1420 4684 Ul⁸⁰l⁶l
1435 4615 1936 4684 “venll⁸“llm⁶”l⁰re⁸“m⁶r⁰
1952 4613 2018 4709 ⁷⁴)›
2043 4639 2190 4709 ’ΜΨ

167 4790 171 4795 -
193 4751 289 4817 terro
307 4749 453 4830 durior,
478 4746 548 4816 nisi
564 4747 763 4817 innocentis
777 4747 888 4817 vitam
905 4773 1176 4822 conservavero.
1228 4745 1433 4874 m
1458 4807 1500 4858 ⁸¹⁰
1523 4810 1600 4859 mm
1623 4809 1674 4862 Ed·
1695 4808 1771 4860 Μ,
1791 4811 1832 4870 Μ
1862 4807 1947 4860 Μία,
1969 4807 2045 4860 1555,
2066 4821 2108 4874 „w
2138 4807 2216 4864 taso.

193 4850 264 4919 Sed
280 4853 363 4920 dum
383 4849 436 4917 illi
452 4847 611 4931 consulo,
637 4848 790 4937 patriam
805 4852 934 4939 prodo.
975 4850 1100 4942 Egone
1115 4855 1177 4922 ad·
1298 4877 1404 4929 aurine.

143 4976 147 4991 '
192 4952 333 5021 mittessr·
350 4949 420 5023 hoc
435 4947 759 5020 nefariumscelus?
785 4948 909 5042 Quid?
948 4955 1047 5045 quod
1063 4955 1178 5024 incer·
1263 4979 1312 5045 ⁷1)
1330 4980 1406 5043 5555]
1419 4978 1460 5030 sta
1472 4978 1556 5029 notet.
1573 4978 1647 5030 1555,
1664 4981 1700 5044 5,,
1720 4978 1815 5045 toan,
1832 4978 1882 5028 55,
1899 4978 1974 5029 5555,
1987 4989 2013 5030 5,
2027 4979 2115 5029 nate:
2133 4975 2200 5041 5555,

192 5067 271 5122 tum
283 5068 345 5135 est,
361 5053 501 5150 qualem
514 5051 664 5142 gratiam
680 5049 755 5142 ipse
771 5047 863 5120 mibi
871 5034 1049 5123 'relaturus
1057 5056 1176 5146 sitpro
1263 5080 1313 5148 ⁷2)
1336 5081 1454 5147 555555
1471 5108 1505 5119 -
1523 5082 1689 5141 mem]
1715 5078 1755 5131 ,55
1771 5080 1857 5135 aare,
1880 5082 1974 5147 1555,
2006 5081 2099 5146 5555,
2137 5079 2218 5132 ovtd·

192 5156 377 5227 beneficio.
427 5156 536 5223 Forte
550 5153 668 5223 salvus
684 5165 719 5221 et
741 5150 928 5222 incolumis
945 5153 1100 5225 discedet
1119 5181 1178 5226 me
1297 5150 1348 5202 ¹⁵⁴¹·
1365 5151 1470 5199 ”Wl-
1488 5150 1581 5214 fortes
1598 5174 1634 5188 ··
1649 5151 1805 5202 '⁶⁸⁴Wl·

194 5255 338 5338 relicta,
362 5258 539 5348 aliamque
555 5257 660 5324 ducet
676 5278 841 5324 uxorem:
862 5254 900 5322 id
920 5255 950 5325 si
966 5257 1016 5326 ita
1033 5271 1179 5327 eventu·
1264 5248 1469 5370 ⁷⁸2²&th
1501 5251 1542 5303 ¹¹⁰
1564 5252 1649 5303 dotet.
1671 5252 1764 5317 tutu,
1798 5252 1895 5312 toss.;
1929 5249 2008 5302 uvtt.
2032 5251 2081 5300 no.
2106 5248 2217 5301 utum

195 5382 276 5427 rum
308 5373 416 5442 esset,
447 5373 525 5426 tum
549 5356 690 5425 mallem
721 5358 882 5449 profecto
905 5357 1006 5427 illum
1031 5359 1178 5427 iamiam
1265 5417 1313 5483 ⁷4)
1337 5355 1498 5481 resoiierei
1522 5419 1563 5470 stc
1587 5421 1671 5472 Em
1691 5419 1766 5472 w·
1811 5420 1904 5473 Μ,
1938 5417 2018 5470 ovtt.
2042 5417 2092 5470 tto.
2110 5414 2218 5466 m

194 5458 353 5532 interire.
419 5460 488 5531 Sed
514 5459 688 5552 ingenuus
713 5459 851 5543 vultus,
891 5483 1083 5549 generosus
1104 5458 1180 5528 ani·
1301 5500 1455 5540 mmm,
1776 5452 1784 5485 '
1896 5454 1906 5484 '

1226 3403 1310 3447 nam
1339 3381 1552 3474 plerumque
1580 3383 1639 3464 tit,
1681 3394 1721 3451 ut
1743 3382 1910 3452 scelerate
1937 3384 2038 3455 factis
2068 3382 2210 3455 bonesti

1228 3494 1263 3550 et
1285 3482 1437 3572 speciosi
1461 3482 1556 3551 tituli
1580 3485 1881 3573 praetendantur;
1913 3486 2084 3564 alterum,
2112 3487 2209 3580 quod

1228 3583 1372 3673 lingitur
1394 3584 1487 3651 ratio
1512 3583 1656 3675 quidem
1680 3585 1822 3652 vincere
1845 3584 2010 3667 affectus,
2036 3588 2097 3655 sed
2126 3611 2209 3654 ocu-

1229 3686 1345 3754 lorum
1360 3708 1482 3754 sensus
1498 3685 1583 3752 dare
1599 3709 1722 3755 rursus
1736 3688 1830 3756 vires
1845 3685 2026 3755 affectibus
2044 3685 2095 3776 (V
2094 3711 2137 3758 ss.
2147 3685 2208 3759 72.
2323 3691 2332 3699 '
