4778 6240
2014 227 2091 307 242

60 235 137 317 241
193 238 203 311 ,’
497 225 683 299 LXXXIII.
734 224 1135 301 INTERPRE‘I'ATIO
1157 224 1443 300 NEMEORUM
1467 224 1676 303 PlNDAllI.
1751 332 1754 337 Ι

59 410 176 484 corda
204 403 326 475 minus
352 399 570 474 cruciantur.
629 400 723 494 (Str.
740 398 793 495 4.)
830 400 935 473 Stetit
956 420 1054 489 ergo,
1078 427 1081 495 ι
1104 397 1254 469 fluvium
1268 399 1430 491 Asopum
1447 399 1690 472 suntiuvenes
1708 394 1909 469 carminum
1930 397 2092 482 artifices,

58 526 211 606 stupens
225 519 324 578 metu
339 516 375 574 ει
389 504 538 575 laetitia.
589 501 692 573 Vidit
712 505 807 574 enim
825 503 1053 574 excellentem
1104 513 1203 570 tuam
1228 525 1352 571 vocem
1378 515 1601 595 quaerentes.
1659 503 1762 573 Alius
1783 500 1882 570 aliud
1906 498 2092 591 negotium

62 617 247 694 animum,
280 621 315 679 ει
335 605 585 678 fortitudinem
607 606 684 679 lilii.
733 608 785 676 Ac
802 604 866 675 Dii
884 607 1053 687 fecerant,
1077 638 1088 707 3*
1105 602 1247 694 expetit.
1307 602 1433 673 Victor
1461 618 1581 675 autem
1613 605 1769 676 maxime
1805 625 1953 672 carmen
1982 613 2092 685 amat,

61 730 106 789 ut
139 717 274 794 rideret
308 711 510 793 contraria,
549 733 657 803 quam
691 709 856 780 nuntiata
898 710 1051 778 lucrant.
1076 712 1080 741 ¹
1103 705 1237 775 sociam
1251 729 1470 776 coronarum
1488 720 1525 777 et
1538 707 1784 793 victoriarum,
1811 704 1913 798 (Ant.
1929 701 1980 801 1.)
1993 703 2093 775 cuius

53 819 214 890 ¹Vocavit
238 827 359 886 autem
383 812 561 883 Tiresiam
586 810 744 880 vicinum
776 823 908 883 vatem.
972 808 1052 892 llic,
1103 802 1245 898 copiim
1266 802 1404 878 tribubs
1427 804 1537 893 mihi,
1564 835 1586 878 o
1601 810 1718 882 Musa.
1770 807 1889 902 Incipe
1910 806 1950 877 in
1972 818 2092 878 mente

59 946 156 1016 quae
188 928 379 991 eventura
395 926 511 985 essent
540 910 799 1007 Amphitryoni
826 927 862 983 et
892 913 1051 995 caeteris,
1102 933 1181 980 mea
1199 906 1373 1005 hymnum
1397 911 1469 980 blia
1494 912 1584 981 coeli
1610 914 1784 1005 potentis;
1810 936 1876 1006 ego
1893 934 1980 983 vero
1996 934 2094 984 coru-

59 1023 275 1094 vaticinatus
298 1032 368 1090 est:
411 1014 585 1113 (emt.)
610 1018 708 1110 quod
734 1017 892 1085 interra
917 1015 1052 1085 occisu·
1102 1011 1294 1082 municabo
1316 1037 1397 1082 eum
1421 1014 1565 1084 illorum
1589 1017 1834 1101 sermonibus,
1860 1028 1895 1087 ει
1915 1017 2032 1110 tyrae
2055 1032 2092 1090 ct

57 1150 121 1198 rus
152 1139 266 1207 esset,
301 1135 337 1192 et
365 1120 403 1189 in
434 1119 546 1202 mari,
586 1119 804 1210 perniciosas
825 1117 977 1198 belluas;
1016 1116 1069 1186 ει
1102 1110 1249 1184 habebit
1278 1116 1418 1185 dulcem
1443 1117 1627 1202 laborem,
1667 1120 1899 1190 simulacrum
1932 1122 2091 1212 regionis
2176 1120 2180 1129 “

60 1230 240 1323 quendam
258 1249 338 1295 cum
358 1222 502 1314 obliqua
525 1221 691 1312 superbia
714 1222 956 1303 incedentem,
981 1220 1050 1287 ini·
1103 1216 1374 1310 Myrmidonum
1388 1217 1441 1312 ⁴),
1473 1244 1628 1313 quorum
1654 1222 1844 1317 antiquum
1866 1223 1986 1293 forum
2013 1249 2090 1297 non

58 1329 294 1400 micissimum
323 1325 464 1408 virum,
496 1323 587 1394 dixit
620 1323 819 1415 periturum
851 1345 937 1393 esse.
1002 1318 1050 1390 Et
1101 1320 1330 1390 dedecoravit
1366 1319 1616 1406 Aristoclides,
1659 1349 1723 1394 suo
1755 1324 1837 1396 loco
1877 1322 1958 1419 (ap.
1973 1327 2025 1424 1.)
2049 1330 2089 1401 in

54 1433 208 1525 quaudo
230 1429 294 1499 Dii
314 1428 354 1497 in
380 1451 507 1518 campo
530 1422 705 1517 Phlegrae
734 1425 946 1517 pugnabunt
969 1447 1048 1493 cum
1101 1423 1278 1513 pancratii
1304 1424 1514 1496 exercitatus
1541 1426 1747 1497 certamine.
1819 1428 1937 1499 Habet
1967 1444 2088 1501 autem
2202 1506 2205 1515 ,

59 1533 291 1624 Gigantibus,
317 1528 511 1600 comasius
531 1528 600 1598 erit
621 1529 870 1620 pulverulenta
893 1549 978 1618 prae
998 1537 1050 1595 te·
1101 1523 1307 1608 victoriam,
1348 1526 1451 1596 dulce
1483 1528 1681 1598 remedium
1722 1529 1869 1603 laboris.
1934 1528 1973 1601 si
2007 1534 2088 1627 quis

56 1636 177 1706 lorum
200 1637 308 1705 iactu.
366 1630 515 1726 (15.4.)
546 1631 731 1701 Praedixit
752 1630 881 1713 etiam,
907 1653 988 1698 ειιιιι
1010 1627 1049 1695 ἰιι
1101 1638 1220 1696 autem
1246 1623 1394 1718 pulcher
1417 1642 1489 1712 est,
1514 1631 1657 1700 etfacit
1679 1633 1912 1723 congruentia
1936 1634 2087 1720 formae,

57 1762 148 1830 pace
179 1737 280 1806 omni
314 1748 477 1826 tempore
509 1734 683 1805 contiuuo
714 1746 942 1824 accepturum
974 1754 1048 1802 esse
1100 1739 1137 1797 et
1157 1729 1304 1800 accessit
1331 1733 1377 1798 ad
1407 1732 1633 1801 excellentem
1667 1734 1856 1820 virtutem,
1898 1758 1974 1805 non
1997 1740 2087 1809 ulte-

57 1838 386 1930 compensatiouem
418 1837 650 1932 tranquillam
682 1837 847 1907 laborum
874 1834 1048 1916 incaelo,
1100 1830 1176 1900 rius
1194 1831 1239 1929 ⁶),
1260 1832 1363 1901 lacile
1392 1846 1445 1904 est
1474 1835 1640 1905 traiicere
1662 1860 1764 1907 mare
1787 1841 1881 1909 ultra
1901 1839 2086 1913 columnas

58 1942 185 2013 Heben
209 1940 415 2032 coniugem
457 1953 495 2010 et
513 1941 658 2032 nuptias
683 1941 945 2009 celebraturum
974 1960 1047 2009 esse
1099 1931 1280 2018 Herculis,
1316 1934 1407 2027 (Str.
1420 1935 1475 2031 2.)
1497 1962 1586 2031 quas
1601 1936 1716 2011 Heros
1739 1954 1917 2012 extremae
1938 1944 2086 2035 naviga-

57 2046 156 2138 apud
170 2043 312 2128 lovem,
338 2055 374 2113 et
387 2045 617 2114 laudaturum
636 2056 796 2113 sanctam
812 2045 974 2112 domum.
1100 2035 1208 2106 tionis
1223 2048 1327 2107 testes
1344 2039 1483 2130 posuit,
1509 2041 1571 2134 qui
1587 2045 1739 2132 grandes
1755 2045 1891 2116 belluas
1905 2045 1944 2113 in
1958 2047 2085 2138 pelago
2167 2046 2174 2055 “

468 2211 560 2295 ode
588 2210 644 2297 ss
1099 2138 1261 2222 domuit,
1307 2152 1342 2208 et
1377 2141 1528 2233 proprio
1566 2143 1688 2214 labore
1728 2159 1937 2238 stagnorum
1970 2149 2085 2222 fluxus

1098 2253 1274 2312 scrutatus
1296 2254 1370 2327 cst,
1394 2245 1456 2314 ubi
1471 2247 1653 2318 descendit
1666 2249 1712 2318 ad
1731 2250 1840 2323 finem
1856 2254 2085 2325 reducentem

109 2349 348 2418 Tincodanco
369 2344 593 2425 Atheniensi,
618 2347 740 2414 victori
757 2347 797 2413 in
806 2346 1001 2432 pancratio.
1100 2337 1284 2427 homines,
1310 2357 1346 2414 et
1361 2358 1479 2417 terrae
1497 2361 1609 2420 metas
1624 2353 1791 2426 ostendit.
1842 2355 1911 2425 Sed
1935 2357 2022 2449 quid
2037 2358 2084 2428 ad

162 2479 255 2571 (sn.
277 2476 328 2572 1.)
355 2474 406 2543 Ut
427 2475 645 2544 Homeridae
669 2476 881 2570 plerumque
902 2485 1049 2546 sumunt

56 2578 202 2648 initium
218 2577 418 2648 carminum
435 2601 455 2645 a
474 2574 577 2645 love:
604 2576 653 2647 sic
674 2578 739 2648 iste
761 2578 818 2647 vir
836 2579 1048 2648 fundamen·

57 2695 137 2751 tum
164 2681 401 2750 certaminum
425 2691 461 2748 et
483 2679 716 2749 victoriarum
741 2681 893 2774 sumpsit
915 2682 952 2748 in
966 2681 1048 2750 luco

56 2781 152 2853 lovis
170 2782 354 2855 Nemeaei.
407 2779 497 2874 (sn.
514 2782 568 2878 4.)
595 2779 747 2851 Debitor
772 2797 890 2854 autem
916 2796 969 2853 est
986 2806 1049 2874 pa·

56 2884 162 2955 triae.
216 2884 254 2955 si
274 2886 418 2978 quidem
439 2885 478 2953 in
500 2885 557 2952 via
579 2908 661 2954 eum
689 2897 786 2957 actas
819 2887 918 2956 dedit
943 2908 1049 2955 orna-

56 2999 220 3057 mentum
244 2986 383 3078 magnis
396 2984 567 3069 Athenis,
593 2999 633 3056 ιιι
657 3012 763 3080 saepe
787 2992 954 3082 decerpat
975 2989 1049 3057 fm-

59 3101 135 3159 ctus
149 3084 380 3159 Isthmiorum
400 3102 438 3158 et
452 3086 681 3184 Pythiorum.
725 3092 902 3182 Congruit
916 3102 1049 3173 autem,

59 3189 151 3283 (sn.
164 3190 219 3289 3.)
246 3180 321 3262 non
334 3195 461 3285 procul
483 3217 503 3261 a
522 3191 726 3264 Pleiadibus
743 3195 925 3266 montanis
941 3191 1049 3262 Oriu-

57 3316 144 3362 nem
167 3294 343 3366 incedere.
410 3294 458 3365 Αι
473 3295 626 3365 Salamis
648 3297 787 3367 nutrire
806 3296 925 3367 virum
949 3295 1050 3364 belli-

59 3418 182 3466 cosum
204 3411 340 3489 potest,
374 3398 412 3467 in
428 3399 540 3468 Troia
564 3396 698 3467 llector
728 3399 867 3469 audivit
890 3398 1049 3468 Aiacem.

65 3498 119 3569 Te
128 3523 214 3569 vero
227 3501 407 3587 laboriosa
416 3501 566 3570 victoria
579 3500 785 3593 pancratiae
798 3502 882 3572 iacit
897 3500 988 3599 (Str.
997 3498 1051 3595 4.)

63 3600 150 3671 inde
190 3604 349 3696 abusque
384 3615 569 3675 vetustate.
634 3600 881 3677 Acharnenses
902 3605 935 3700 ³)
968 3615 1053 3675 sunt

63 3704 136 3772 viri
149 3704 274 3788 fortes,
298 3719 333 3774 et
347 3720 499 3776 narrant
514 3706 709 3775 certamina
724 3720 862 3778 vestrae
878 3707 1053 3786 lamiliae;

64 3816 223 3898 quatuor
241 3807 337 3875 enim
354 3808 522 3903 victorias
538 3810 633 3899 apud
650 3809 867 3881 Parnassum
890 3822 1054 3903 reporta-

63 3907 121 3974 vit
154 3929 197 3975 ex
228 3903 445 3993 Corinthiis,
491 3907 582 4002 (sn.
604 3905 657 4005 ⁵.)
679 3910 718 3977 in
747 3914 878 4002 angulo
908 3911 1053 4004 Pelopis

65 4020 150 4077 octo
167 4031 338 4095 coronas,
362 4021 496 4101 septem
511 4014 550 4079 in
564 4011 727 4092 Nemeis;
753 4013 853 4081 domi
868 4039 954 4084 vero
975 4016 1055 4106 plu·

62 4116 124 4181 res'
147 4136 256 4204 quam
277 4126 318 4182 ut
339 4114 526 4182 numerari
546 4113 704 4206 possint,
748 4112 786 4182 in
811 4112 905 4187 lovis
927 4140 1053 4208 agone.

63 4211 164 4283 llaec
176 4215 292 4284 canite
309 4214 545 4301 Timodemo,
571 4239 651 4287 cum
667 4216 824 4307 glorioso
838 4219 973 4289 reditu:
1000 4218 1057 4288 in·

67 4314 173 4410 cipite
190 4315 287 4387 dulci
304 4342 402 4390 voce.

465 4509 557 4595 Ode
586 4508 664 4593 111.

92 4639 398 4710 Aristociidae
419 4636 621 4733 Aeginetae,
651 4644 771 4713 victori
786 4645 1046 4730 inportunius

169 4770 262 4865 (Str.
284 4774 336 4871 1.)
371 4775 406 4845 0
436 4779 641 4847 veneranda
668 4776 773 4847 Musa
797 4790 932 4863 mater,
972 4801 1055 4868 sup-

67 4870 183 4965 plico,
215 4889 256 4947 ut
284 4901 345 4949 cas
375 4879 414 4948 in
443 4875 658 4972 hospitalem
692 4879 843 4950 insulam
867 4879 1055 4971 Aeginam,

68 4968 140 5049 hoc
155 5001 257 5049 sacru
273 5006 417 5068 mense,
447 5007 522 5077 quo
537 4984 762 5053 celebrantur
776 4981 930 5054 Nemea:
958 4983 1054 5074 apud

105 5169 139 5236 ⁸)
155 5173 220 5224 Inde
237 5178 360 5242 abusque
376 5179 526 5230 vetustate.
556 5180 754 5229 Ansamenses
772 5173 837 5242 (rt.
853 5177 929 5227 tbi&
963 5180 1057 5228 Acar·

141 5241 271 5306 ommi]
289 5245 330 5296 ain
346 5248 395 5298 tta.
409 5248 502 5307 taaa.;
520 5248 569 5297 tta.
587 5246 655 5297 tm
681 5248 769 5309 abque
783 5247 930 5298 vetustata.
964 5249 1057 5296 Acar·

141 5320 264 5372 nonnas
297 5314 399 5377 tteyatt
429 5319 459 5365 et
481 5316 611 5365 Boectbtt
635 5318 765 5375 tuter-pre
797 5315 942 5364 aetarnae
966 5316 1057 5363 auten

140 5376 310 5494 antllppttuas
322 5383 400 5515 ἷιιιᾱ.
411 5376 547 5449 Ἀχάρναι
565 5377 595 5434 dl
610 5380 784 5450 παλαίφατοι
801 5380 900 5448 (catat.
909 5379 1056 5445 cuduntur.

139 5460 183 5496 πε
230 5459 347 5514 φατον.
909 5463 914 5470 ,

67 5530 255 5597 Μιιιιιιπι.
276 5532 384 5601 om.
405 5535 491 5599 voc.
511 5535 602 5601 xlx.

1100 2443 1255 2513 alienum
1282 2450 1573 2536 promontorium
1598 2453 1770 2524 deflexisti
1789 2481 1906 2527 meum
1929 2484 2083 2544 cursum,

1100 2544 1290 2642 anime⁰)?
1336 2548 1441 2619 Nunc
1471 2551 1566 2620 enim
1597 2553 1681 2624 volo
1716 2557 1895 2628 celebrare
1914 2558 2084 2644 Aeacum,

1100 2660 1136 2716 et
1151 2647 1227 2719 eius
1242 2673 1365 2739 genus.
1411 2651 1495 2721 Flos
1513 2654 1607 2722 enim
1623 2668 1677 2726 est
1690 2655 1774 2726 iusti
1787 2661 1984 2741 sermonis,
2008 2662 2086 2732 lau·

1101 2752 1185 2820 dare
1208 2752 1335 2823 bonos.
1394 2749 1494 2846 (Ant.
1510 2755 1564 2850 2.)
1590 2756 1664 2828 Nec
1693 2752 1864 2832 honestus
1890 2786 1994 2831 amor
2020 2774 2086 2847 est,

1101 2853 1225 2923 alienis
1253 2855 1421 2927 laudibus
1450 2883 1668 2953 quemquam
1697 2884 1848 2944 ornare;
1879 2866 1943 2935 sed
1961 2865 2085 2935 dome·
2166 2936 2174 2957 x

1101 2957 1187 3026 stica
1198 2981 1341 3051 quaere.
1368 2957 1488 3030 Habes
1505 2976 1623 3032 antem
1635 2965 1824 3054 proprium
1840 2967 1965 3051 decus,
1987 2968 2088 3062 quod

1100 3060 1208 3128 dulce'
1225 3072 1278 3129 est
1298 3061 1516 3152 praedicare.
1567 3065 1697 3137 Peleus
1714 3068 1873 3161 antiquis
1886 3069 1961 3139 auis
1974 3069 2088 3139 victo·

1101 3160 1163 3231 riis
1185 3162 1336 3232 laetatus
1360 3175 1431 3247 est,
1467 3188 1547 3233 cum
1571 3168 1739 3238 secuisset
1760 3164 1899 3240 hastam
1917 3170 2088 3240 excellen-

1102 3277 1190 3332 tem:
1216 3264 1280 3357 qui
1297 3267 1391 3356 cepit
1405 3264 1538 3336 Iolcum
1554 3270 1652 3340 solus
1668 3269 1744 3340 sine
1762 3273 1939 3357 exercitu,
1964 3284 2000 3342 et
2013 3295 2089 3343 ma·

1102 3366 1219 3433 cinam
1236 3362 1370 3436 Thetin
1389 3366 1662 3462 comprehendit
1684 3396 1764 3443 cum
1786 3375 1920 3447 labore.
1970 3373 2090 3446 Fortis

1103 3480 1223 3537 autem
1243 3468 1440 3555 Telamon,
1473 3475 1671 3543 commilito
1694 3472 1803 3560 lolai,
1837 3478 1923 3547 vicit
1937 3476 2090 3547 Laome-

1104 3573 1270 3654 dentem,
1310 3570 1392 3669 (Bp.
1413 3574 1469 3670 2.)
1496 3589 1532 3647 ει
1565 3581 1611 3646 ad
1644 3579 1836 3647 exercitum
1863 3582 2089 3650 Amazonum

1103 3674 1283 3763 profectus
1309 3687 1380 3761 est,
1414 3700 1533 3771 neque
1564 3703 1724 3772 unquam
1757 3680 1867 3749 timor
1895 3681 2030 3773 expulit
2057 3683 2091 3751 ei

1104 3775 1352 3846 fortitudinem
1388 3779 1511 3852 animi.
1570 3780 1735 3852 Naturali
1773 3785 1903 3853 virtute
1939 3780 2090 3881 quisque

1105 3900 1255 3969 magnus
1269 3892 1333 3951 est.
1383 3880 1454 3951 Sed
1475 3883 1691 3978 quitantum
1710 3885 2001 3969 doctrinarum,
2027 3885 2092 3955 ob·

1104 4005 1229 4052 scurus
1245 3995 1316 4065 est,
1341 3983 1428 4054 alitis
1445 3987 1514 4054 alia
1531 3987 1697 4079 spirans,
1722 3999 1758 4057 et
1775 4012 1959 4082 nunquam
1980 3986 2092 4057 felici·

1107 4094 1161 4152 ter
1182 4084 1287 4152 firmo
1309 4084 1443 4155 incedit
1466 4091 1576 4178 pede,
1601 4103 1635 4158 et
1649 4089 1817 4159 imbecilli
1835 4090 1957 4159 animo
1974 4099 2093 4182 gustat

1107 4185 1226 4256 varias
1249 4184 1409 4256 virtutes.
1469 4189 1562 4282 (sn.
1585 4190 1639 4283 δ.)
1664 4187 1820 4263 Achilles
1852 4204 1971 4262 autem
2000 4214 2092 4284 puer

1106 4287 1145 4354 in
1165 4282 1276 4356 domo
1297 4283 1467 4380 Philyrae
1494 4314 1663 4373 manens,
1699 4293 1824 4362 crebro
1846 4292 1932 4365 lusit
1952 4292 2092 4384 magnit

1108 4389 1295 4480 operibus,
1331 4389 1605 4483 vibranagrave
1626 4394 1782 4464 iaculum
1811 4395 1927 4466 simile
1958 4395 2090 4466 ventis:

1107 4504 1143 4561 et
1165 4516 1285 4583 pugna
1311 4492 1440 4562 occidit
1461 4493 1583 4565 leones
1609 4508 1644 4565 et
1665 4519 1793 4587 apros,
1828 4520 1980 4589 corpora
2004 4519 2090 4567 vero

1108 4596 1153 4663 ad
1170 4594 1379 4664 Saturnium
1396 4608 1606 4666 centaurum
1624 4594 1828 4685 anhelantia
1846 4600 1983 4683 attulit,
2008 4622 2090 4668 cum

1107 4696 1270 4768 sexennis
1285 4693 1402 4767 adhuc
1417 4712 1518 4771 esset.
1570 4697 1667 4770 'l'oto
1690 4703 1818 4771 deinde
1842 4713 2004 4794 tempore
2024 4699 2093 4770 mi-

1140 4900 1171 4964 4)
1185 4904 1214 4951 at
1226 4900 1337 4952 babebtt
1346 4896 1612 4966 -Hyrnldonunfl
1623 4898 1721 4951 alubi.
1733 4900 1807 4952 1161.
1814 4917 1825 4966 3
1841 4901 1892 4952 tta.
1902 4900 2013 4951 lbbbet
2027 4897 2088 4963 ml

1177 4968 1381 5033 Myrmidonum
1403 4968 1512 5019 teneaat
1534 4968 1640 5019 dulcem
1663 4970 1803 5034 laborem
1834 4971 1951 5033 ltayne:
1974 4968 2091 5021 aran·

1176 5048 1247 5088 varo
1264 5036 1375 5088 babebit
1390 5038 1512 5087 labore!
1528 5038 1619 5095 (tanc
1635 5037 1769 5097 ”muna
1786 5041 1894 5097 mun)
1916 5036 2025 5087 luculos
2042 5035 2092 5086 do-

1177 5118 1226 5156 cos
1242 5107 1400 5172 (Aegina),
1422 5105 1613 5169 Myrmidones
1632 5107 1676 5157 obt
1695 5107 1778 5169 prtact
1794 5105 1965 5161 aestuent.

1141 5206 1174 5275 s)
1200 5205 1332 5275 ιιιιιιιι]
1364 5207 1406 5258 sn
1431 5207 1479 5272 (ε
1497 5207 1573 5259 etna.
1598 5202 1711 5275 nates)
1735 5196 1896 5274 aa'rass,
1926 5208 1962 5262 ιι.
1985 5207 2091 5269 most,
2179 5188 2184 5204 '

1178 5280 1291 5341 tleyne,
1307 5278 1424 5328 Boectrt.
1433 5293 1443 5341 ;
1461 5277 1512 5329 tta.
1533 5277 1609 5327 lbet.
1626 5277 1752 5327 attactus.

1144 5379 1281 5497 ‘'att''
1297 5391 1436 5498 iiiia
1450 5370 1724 5495 ”iridi-iii
1738 5369 1979 5495 duddan·
1996 5411 2004 5430 ·
2021 5367 2094 5440 ‘⁹⁴'

1585 5511 1634 5584 16
