4784 6256
319 304 397 385 ω
703 402 706 407 .
896 291 1773 372 ruu.ua1..scuu›rsruuoxoo1oa.
2231 306 2352 398 ¹sss

320 476 495 547 rebantur
515 494 597 543 eum
619 470 737 541 Diana
761 482 796 539 et
817 469 957 554 Pallas,
997 470 1099 562 (Ant.
1112 469 1167 566 8.)
1197 469 1306 538 inter·
1357 465 1423 535 viti
1439 480 1882 560 coronaverunt,propter
1894 467 2086 559 Aeginam.
2120 468 2231 544 Venit
2248 475 2349 548 anim

319 576 497 647 ficientem
513 596 637 646 cervos
650 574 726 645 sine
745 572 891 642 canibus
909 584 944 642 et
963 574 1039 643 sine
1053 573 1199 642 retibus.
1240 570 1306 640 Pe·
1359 566 1493 638 amicus
1507 570 1552 637 ad
1568 568 1724 653 amicos,
1751 573 1797 642 ad
1812 567 2025 662 hospitalem
2042 573 2192 660 urbem,
2215 578 2265 646 ad
2284 602 2350 651 au·

321 679 426 750 dibus
441 677 536 749 enim
553 677 705 746 valebat.
756 673 872 744 Venio
890 677 936 744 ad
951 669 1020 743 hoc
1035 687 1135 745 vetus
1159 674 1307 754 dictum,
1357 671 1429 740 larn
1440 669 1626 755 Herculis,
1651 675 1744 760 (Str.
1757 670 1810 768 4.)
1827 698 1908 745 cum
1926 698 1999 768 quo
2015 672 2350 753 Troiam'l'elamon

322 782 423 878 quod
445 802 551 850 senex
565 774 703 848 Chiron
720 776 764 845 in
785 800 888 848 saxea
909 779 1019 846 domo
1036 777 1125 846 aluit
1142 772 1305 846 Iasonem
1359 772 1593 864 expugnavit,
1634 786 1670 843 et
1696 773 1809 859 Coos,
1850 788 1885 845 et
1916 776 2108 867 Gigantem
2143 778 2346 875 Alcyoneus

322 896 358 953 et
369 882 639 974 Aesculapium,
665 903 770 974 quem
787 881 910 949 docuit
926 874 1207 971 pharmacorum
1221 876 1307 945 arti·
1358 897 1424 943 uec
1451 886 1571 944 tamen
1606 876 1710 959 vicit,
1748 876 1959 972 priusquam
1981 878 2127 951 Herculi
2155 884 2349 958 duodecim

320 983 480 1055 litiosam
514 983 728 1053 doctrinam.
795 980 935 1050 Deinde
968 980 1161 1072 despondit
1197 977 1305 1050 Peleo
1359 976 1550 1071 quadrigas
1565 978 1754 1064 contrivit,
1780 992 1816 1049 et
1832 979 1870 1048 in
1886 980 1936 1050 eis
1952 981 2080 1074 viginti
2104 998 2260 1078 quatuor
2277 990 2349 1058 mi·

321 1081 533 1168 Thetidem,
568 1097 603 1154 et
629 1083 793 1153 educa'vit
817 1084 929 1152 filium
957 1083 1207 1164 excellentem,
1250 1102 1307 1151 or·
1358 1079 1455 1161 lites,
1481 1079 1575 1148 iacto
1591 1079 1720 1170 lapide.
1777 1079 1968 1173 imperitus
1983 1097 2037 1155 est
2056 1087 2257 1174 bellorum,
2283 1091 2349 1186 qui

319 1211 413 1259 nans
429 1187 590 1256 animum
611 1185 778 1255 omnibus
792 1184 1002 1268 virtutibus,
1038 1182 1119 1278 (Ep.
1136 1183 1190 1280 8.)
1205 1194 1246 1252 ut
1261 1183 1307 1251 ad
1359 1203 1434 1249 non
1450 1179 1617 1273 intelligit
1631 1182 1783 1252 dictum:
1818 1184 1848 1252 F
1850 1184 2023 1255 acientem
2039 1188 2177 1283 aliquid
2201 1206 2348 1284 oportet

321 1288 471 1360 Troiam
493 1287 582 1360 flatu
601 1299 791 1358 ventorum
819 1288 1016 1379 proiectus,
1056 1309 1215 1379 pugnam
1237 1282 1308 1377 Ly·
1361 1294 1396 1351 et
1409 1283 1486 1374 pati
1501 1282 1649 1378 aliquid.
1701 1282 1792 1378 (Str.
1809 1283 1864 1383 6.)
1887 1287 1997 1358 Plura
2017 1315 2076 1360 me
2089 1291 2209 1364 dicere
2223 1291 2348 1387 probi·

321 1391 459 1463 ciorum
486 1403 520 1460 et
542 1388 799 1470 Dardanorum
821 1389 1031 1473 sustineret,
1057 1402 1092 1459 et
1104 1384 1307 1480 Phrygum:
1358 1386 1419 1453 bet
1432 1383 1510 1468 lex,
1534 1398 1569 1454 et
1584 1384 1705 1455 Horae
1721 1386 1941 1461 festinantes.
1992 1387 2139 1463 'l'rahor
2160 1407 2282 1467 autem
2306 1411 2348 1469 ut

190 1538 193 1543 .
322 1507 358 1565 et
382 1516 545 1586 pugnans
571 1517 651 1563 curn
673 1487 911 1583 Aethiopibus
942 1491 1132 1581 cogitaret,
1165 1513 1210 1558 ne
1231 1488 1309 1558 Me·
1358 1485 1516 1570 fascino,
1549 1500 1590 1557 ut
1621 1489 1801 1558 novilunii
1840 1515 2012 1584 pompam
2051 1495 2237 1588 attingam.
2299 1497 2346 1570 Et

320 1616 436 1667 annon
454 1594 625 1688 patruelis
642 1594 770 1664 Heleni
787 1595 936 1663 domum
950 1594 1095 1666 rediret.
1147 1592 1239 1683 (Str.
1255 1588 1308 1685 4.)
1361 1611 1581 1683 quamquam
1590 1592 1769 1680 profunda
1788 1592 1903 1664 insula
1914 1606 2011 1666 tenet
2024 1598 2183 1669 medium
2200 1601 2343 1686 saltum,

320 1696 409 1768 Inde
437 1699 572 1768 clarum
597 1697 719 1765 lumen
743 1708 795 1766 est
818 1694 1077 1779 Aeacidarum,
1115 1693 1307 1785 olupiter;
1359 1701 1480 1759 umen
1497 1691 1620 1763 resiste
1636 1691 1807 1778 invidiae,
1832 1709 1873 1765 ut
1886 1699 1999 1790 magis
2013 1698 2202 1773 videamur
2214 1701 2345 1775 inluce

322 1813 406 1871 tuus
422 1799 518 1868 enim
534 1798 677 1888 sanguis
694 1809 764 1881 est,
790 1810 892 1867 tuum
910 1810 1108 1871 certamen:
1136 1797 1234 1891 quod
1250 1791 1308 1865 hic
1360 1791 1515 1876 versari,
1548 1794 1675 1867 melius
1700 1820 1809 1890 quam
1831 1793 1962 1872 hostes.
2020 1800 2114 1872 Nam
2140 1803 2285 1876 invidus
2306 1806 2347 1875 in

322 1898 480 1995 hymnus
495 1924 581 1970 voce
599 1900 769 1970 iuvenum
781 1899 937 1969 celebrat
951 1901 1046 1968 inter
1059 1899 1257 1991 indigenas,
1274 1908 1310 1966 et
1360 1893 1516 1964 tenebris
1532 1895 1639 1966 inane
1654 1909 1690 1966 et
1697 1893 1833 1969 humile
1843 1902 2031 1973 consilium
2040 1904 2161 1977 volvit.
2171 1902 2280 2000 ,tare
2288 1907 2346 2003 6.)

324 2014 450 2074 cautus
478 2002 650 2072 victorem
671 2001 920 2073 Aristoclidem
944 2013 1072 2085 ornat,
1114 2002 1177 2096 qui
1202 1996 1309 2070 huius
1360 1995 1430 2065 Sed
1447 1991 1536 2065 mihi
1551 2022 1660 2093 quam
1682 1999 1847 2072 virtutem
1867 2005 1967 2074 dedit
1979 2003 2096 2091 Deus,
2113 2006 2271 2100 perliciet
2284 2032 2348 2079 ve·

323 2104 461 2176 insulae
478 2104 630 2196 gloriam
649 2104 760 2187 auxit,
782 2116 818 2173 et
832 2104 1007 2196 templum
1021 2103 1178 2174 reddidit
1192 2102 1309 2195 splen·
1360 2097 1463 2169 niens
1481 2111 1633 2192 tempus.
1685 2100 1744 2173 'l'u
1759 2129 1846 2175 vero
1858 2106 1971 2178 dulcis
1994 2104 2154 2195 cithara,
2178 2122 2347 2203 praetexe
2373 2172 2384 2185 .

323 2206 453 2277 didius.
517 2206 746 2298 Experientia
782 2205 955 2289 ostendit,
981 2230 1051 2300 qua
1088 2206 1238 2301 quisque
1269 2227 1309 2273 re
1362 2224 1506 2270 carmen
1521 2200 1636 2295 Lydia
1661 2199 1852 2276 harmonia
1868 2207 2041 2280 Oenonae
2058 2223 2093 2280 et
2108 2211 2250 2304 Cypro,
2283 2212 2349 2283 ubi

325 2309 483 2382 excellat.
535 2308 636 2404 (Ass.
652 2305 705 2403 4.)
728 2305 824 2377 lnter
841 2307 987 2379 iuvenes
1004 2321 1056 2380 est
1070 2307 1229 2391 iuvenis,
1254 2305 1310 2374 vir
1362 2302 1500 2372 Teucer
1518 2317 1586 2384 est;
1605 2306 1697 2376 Aiax
1714 2332 1800 2378 vero
1816 2310 2152 2384 tenctSalaminam.
2187 2311 2280 2405 (Str.
2291 2313 2349 2409 7.)

324 2413 419 2483 inter
435 2411 552 2495 viros,
579 2412 673 2480 inter
695 2433 799 2481 senes·
818 2434 945 2494 senex,
978 2412 1139 2480 tribuens
1162 2409 1309 2498 singulis
1360 2406 1409 2474 At
1441 2404 1479 2473 in
1504 2403 1646 2476 Euxino
1681 2422 1778 2480 tenet
1808 2408 1963 2485 Achilles
2004 2413 2157 2486 insulam
2183 2413 2350 2495 Lcucen,

324 2514 594 2585 convenientem
609 2525 762 2604 partem.
813 2512 929 2582 Habet
953 2524 988 2581 et
1011 2522 1177 2606 quartam
1198 2512 1309 2580 virtu·
1362 2501 1487 2578 Thetis
1501 2532 1587 2578 vero
1604 2522 1702 2581 tenet
1714 2507 1899 2601 Phthiam,
1912 2515 2168 2610 Neoptolemus
2187 2539 2274 2607 vero
2290 2540 2350 2587 ce-

323 2628 418 2699 tem,
445 2617 541 2709 quod
556 2614 759 2707 praesentia
775 2626 871 2683 recte
886 2613 1048 2709 curav),
1070 2627 1105 2683 et
1121 2637 1196 2683 non
1212 2614 1311 2682 deest
1360 2608 1534 2679 lehratam
1549 2609 1722 2703 Epirum,
1748 2616 1811 2686 ubi
1831 2617 1869 2686 in
1890 2619 1971 2690 altis
1989 2621 2138 2694 collibus
2152 2631 2350 2713 pascuntur

321 2716 570 2811 praesentibus
584 2715 749 2807 negotiis.
800 2715 905 2787 Salve
921 2716 1053 2801 amice,
1079 2712 1149 2786 hoc
1165 2737 1309 2785 carmen
1360 2711 1488 2796 boves,
1528 2712 1779 2806 incipientibus
1807 2742 1828 2789 a
1855 2718 2010 2793 Dodona
2034 2748 2148 2819 usque
2172 2725 2217 2793 ad
2246 2744 2350 2791 marc

322 2818 389 2889 tibi
403 2820 520 2903 dono,
544 2819 649 2889 melle
665 2831 701 2888 et
715 2819 806 2888 lacte
828 2819 998 2890 mixtum:
1026 2831 1061 2889 et
1082 2843 1142 2889 ros
1160 2817 1309 2889 circum·
1360 2810 1515 2887 lonium.
1584 2815 1654 2887 Sed
1690 2813 1736 2888 ad
1765 2819 1857 2890 Pelii
1881 2823 2013 2893 montis
2039 2827 2177 2896 radices
2206 2847 2347 2896 servam

323 2923 385 2991 dat
397 2919 552 2992 Aeolicis
566 2921 663 2993 tibiis
680 2933 828 3012 potum,
855 2918 937 3012 (Bp.
946 2917 1000 3014 4.)
1014 2920 1080 2992 etsi
1095 2943 1175 2993 sero
1192 2919 1309 2989 mitto.
1359 2912 1495 2986 Iolcum
1519 2919 1669 2990 tradidit
1691 2916 1869 2993 Thessalis
1888 2923 2036 3012 Peleus,
2075 2925 2167 3019 (Str.
2182 2926 2237 3021 8.)
2262 2950 2373 2998 usus.

320 3022 391 3095 Sed
405 3022 525 3119 aquila
540 3034 594 3094 cst
608 3023 793 3092 celerrima
810 3023 904 3091 inter
927 3023 1108 3108 volucres,
1135 3046 1228 3118 quac
1252 3045 1310 3090 ra·
1361 3019 1446 3088 dolo
1470 3018 1687 3114 Hippolytae
1702 3020 1753 3119 ⁸),
1777 3023 1937 3116 coniugis
1958 3026 2091 3098 Acasti.
2143 3025 2236 3098 Nam
2254 3025 2351 3101 Aca·

321 3125 376 3216 pit
400 3125 573 3212 praedam
594 3124 722 3212 procul
745 3145 939 3217 quaerens3
974 3125 1110 3215 graculi
1131 3149 1217 3195 vero
1240 3125 1310 3195 cla·
1361 3132 1435 3191 stus
1456 3116 1646 3194 machaera
1669 3120 1821 3194 Daedali
1847 3150 1912 3218 per
1939 3126 2087 3200 insidias
2119 3123 2350 3209 machinatam

320 3225 416 3293 mosi
448 3225 644 3314 depascunt
676 3218 838 3296 humilia.
904 3224 1004 3295 Vidit
1040 3227 1124 3309 lux,
1167 3228 1310 3297 volente
1362 3234 1440 3292 erat
1453 3236 1607 3294 mortem
1622 3225 1750 3307 Peleo;
1782 3229 1845 3299 sed
1861 3224 1999 3299 Chiron
2020 3229 2159 3322 depulit
2182 3231 2217 3300 ci
2237 3232 2349 3302 fatale

322 3323 427 3393 Musa
461 3323 560 3407 Clio,
599 3336 633 3393 te
661 3337 811 3416 propter
843 3324 1030 3396 victoriam
1059 3326 1236 3414 Nemeae,
1275 3340 1310 3398 et
1361 3324 1509 3410 malum,
1531 3325 1670 3418 ignem,
1693 3341 1728 3400 et
1740 3329 1887 3402 leonum
1905 3356 2055 3425 ungues,
2079 3344 2114 3403 et
2129 3331 2242 3405 aciem
2258 3336 2348 3405 den-

321 3424 578 3517 Epidauriam,
604 3439 639 3496 et
655 3418 915 3518 Megarensem.
1361 3425 1451 3496 tium
1473 3423 1662 3516 cohibens,
1695 3428 1787 3523 (Str.
1803 3433 1858 3528 9.)
1882 3435 1984 3507 duxit
2003 3459 2115 3508 unam
2138 3434 2348 3508 Nereidum.

1360 3526 1460 3599 Vidit
1481 3543 1517 3600 et
1539 3534 1680 3618 sedem,
1704 3534 1832 3629 inqua
1856 3534 1920 3606 Dii
1948 3538 2118 3610 sederunt
2133 3537 2171 3607 in
2196 3538 2346 3630 nuptiis,

715 3627 807 3713 Ode
838 3628 916 3714 IV.
1360 3642 1397 3700 et
1413 3633 1646 3705 ostenderunt
1662 3635 1696 3706 ei
1712 3638 1809 3707 dona
1827 3651 1864 3709 et
1877 3640 2075 3732 potentiam
2099 3640 2231 3735 singuli
2246 3643 2343 3713 iuxta

1359 3755 1460 3803 suam
1485 3747 1665 3809 naturam.
1731 3738 1835 3809 Ultra
1859 3741 1978 3815 Gades
1998 3743 2152 3816 transire
2173 3745 2221 3813 ad
2241 3766 2346 3812 occa-

1358 3859 1458 3919 sum,
1485 3859 1561 3905 non
1583 3851 1636 3909 est
1653 3840 1830 3932 possibile.
1881 3842 2005 3933 Heduc
2027 3847 2150 3917 navim
2165 3848 2209 3916 ad
2226 3841 2343 3917 Euro·

322 3964 325 3968 ·
421 3922 514 4016 (Str.
534 3925 585 4018 1.)
610 3922 763 3993 Laetitia
784 3926 942 4017 optimus
957 3929 1114 4000 medicus
1140 3944 1194 4002 est
1214 3933 1306 4005 liniti
1356 3959 1460 4027 pam;
1502 3961 1577 4008 non
1598 3965 1744 4033 possum
1766 3943 1862 4015 enim
1882 3950 2008 4020 ol'nues
2034 3949 2158 4021 laudes
2177 3948 2288 4019 Aeaci
2309 3960 2344 4017 ct

319 4023 474 4106 laboris,
499 4034 535 4091 et
556 4023 742 4094 Musarum
766 4026 861 4097 filiae
880 4027 983 4098 Odae
1005 4031 1192 4103 adiunctae
1215 4039 1305 4108 mul-
1355 4050 1582 4130 posterorum
1608 4043 1683 4117 eius
1705 4046 1867 4120 recitare.
1918 4048 2342 4147 (aestumandum

320 4136 401 4195 cent
424 4147 515 4195 eam.
574 4124 649 4196 Nec
672 4149 765 4221 aqua
786 4129 899 4199 calida
926 4130 976 4201 sic
995 4131 1085 4203 lenit
1104 4137 1303 4239 'defatigata
1355 4141 1463 4228 veni,
1488 4156 1529 4215 ut
1553 4145 1728 4218 celebrem
1748 4145 2061 4224 'l'heandridarum
2081 4150 2275 4222 certamina
2301 4151 2342 4221 in

318 4225 501 4311 membra,
526 4239 566 4298 ut
588 4227 666 4300 laus
684 4253 841 4303 consona
861 4228 1031 4307 citharae.
1082 4237 1209 4310 Sermo
1223 4241 1303 4314 diu·
1355 4239 1553 4338 Olympiis,
1586 4244 1741 4332 Isthmo,
1772 4249 1937 4342 Nemeis,
1974 4253 2034 4327 imi
2055 4253 2342 4345 experimentum

319 4327 391 4398 tius
408 4330 515 4401 durat
537 4353 664 4423 opere,
690 4358 797 4426 quem
821 4359 902 4405 cum
919 4336 1053 4411 Gratiis
1073 4340 1195 4432 lingua
1217 4368 1301 4436 pro·
1353 4340 1546 4432 habentes,
1572 4350 1720 4422 domum
1744 4374 1820 4421 non
1842 4355 1919 4426 sine
1937 4358 2041 4429 novis
2065 4355 2208 4427 coronis
2223 4354 2347 4427 redie-

317 4429 450 4499 fundae
480 4433 610 4505 mentis
638 4437 787 4525 profert.
860 4437 954 4530 (Str.
976 4441 1031 4534 2.)
1065 4441 1143 4514 Hoc
1165 4469 1300 4537 ponere
1351 4461 1448 4521 runt.
1506 4449 1608 4520 Hanc
1628 4465 1727 4522 tuam
1757 4456 1913 4545 patriam
1943 4459 2109 4532 audimus
2136 4457 2342 4530 ministram

316 4526 408 4600 mibi
429 4532 534 4602 liceat
550 4537 777 4626 prooemium
798 4532 926 4631 hymni
954 4537 1048 4612 lovis
1073 4557 1108 4613 et
1132 4545 1299 4635 Nemeae,
1351 4572 1425 4621 esse
1447 4551 1647 4622 carminum
1670 4552 1956 4649 triumphalium.
2007 4562 2073 4633 Sin
2095 4575 2215 4634 autem
2239 4560 2345 4632 iubes

316 4645 353 4703 et
373 4633 488 4703 luctae
510 4633 745 4710 Timasarchi.
802 4639 967 4733 Recipiat
986 4655 1105 4713 autem
1127 4646 1298 4720 Aeacida·
1350 4675 1408 4720 me
1425 4649 1562 4722 Callicli
1578 4656 1755 4729 avunculo
1780 4661 1873 4755 (Str.
1891 4664 1966 4758 11.)
1983 4664 2188 4735 columnam
2203 4686 2344 4755 ponere

314 4756 395 4804 rum
411 4738 511 4806 sedes
532 4731 602 4807 hoc
618 4761 807 4810 commune
822 4742 946 4812 lumen
960 4741 1037 4812 iure
1053 4739 1212 4839 hospitii.
1259 4753 1296 4823 Si
1349 4754 1593 4825 candidiorem
1617 4757 1727 4830 Pario
1750 4761 1889 4854 lapide,
1932 4759 2002 4837 hoc
2028 4789 2175 4861 quoquc
2196 4764 2342 4836 faciam.

313 4847 417 4928 pater
434 4849 516 4908 tuus
534 4838 754 4910 Timocritus
771 4837 886 4912 adhuc
901 4842 1055 4929 viveret,
1081 4873 1185 4942 saepe
1201 4847 1297 4924 hunc
1348 4854 1399 4925 Ut
1413 4880 1540 4927 aurum
1562 4872 1702 4931 coctum
1721 4864 1834 4957 magis
1847 4866 1978 4956 fulget,
2004 4866 2054 4937 ita
2077 4891 2223 4938 carmen
2244 4866 2345 4959 regi·

312 4931 487 5031 hymnum
505 4953 659 5024 caneret,
677 4940 836 5015 intentus
852 4938 936 5015 huic
948 4948 1117 5020 carmini:
1145 4965 1180 5022 et
1193 4978 1296 5027 cane·
1347 4956 1413 5029 bus
1434 4981 1539 5050 pares
1559 4960 1656 5034 lacit.
1707 4965 1774 5036 Hic
1795 4967 1957 5041 Callicles
1979 4969 2071 5040 circa
2091 4965 2338 5040 Acherontem

311 5049 369 5107 rct
389 5039 593 5110 mittentem
615 5053 798 5130 catenam,
826 5043 917 5139 (Str.
932 5048 986 5142 8.)
1019 5067 1228 5132 coronatum
1253 5083 1295 5128 ex
1346 5053 1532 5145 babitans,
1561 5061 1722 5137 inveniat
1754 5093 1870 5139 meam
1903 5070 2062 5164 linguam
2093 5070 2336 5142 celebrantem

311 5141 704 5229 certamineCleonaeo,
720 5158 756 5215 et
770 5146 990 5236 abAthenis,
1014 5166 1048 5222 et
1065 5156 1149 5250 quia
1160 5155 1294 5233 Thebis
1346 5159 1484 5253 ipsum,
1528 5164 1592 5257 qui
1631 5167 1755 5240 floruit
1795 5171 1886 5265 apiis
1926 5173 1963 5242 in
2006 5197 2121 5266 agone
2159 5172 2342 5266 Neptuni.

311 5242 356 5310 ad
370 5239 644 5339 Amphitryonis
665 5247 842 5320 tumulum
859 5251 1028 5324 Cadmaei
1051 5281 1131 5327 eum
1148 5282 1223 5329 raon
1239 5263 1292 5331 in·
1344 5258 1436 5354 (Str.
1455 5264 1531 5356 12.)
1556 5264 1661 5339 Hunc
1677 5266 1868 5363 Euphanes
1883 5297 1970 5347 avus
1990 5289 2072 5349 tuus
2093 5288 2209 5349 canet.
2260 5273 2341 5345 Alii

310 5397 516 5416 m

342 5470 374 5537 7)
391 5477 486 5538 emat]
502 5477 545 5532 ato
560 5479 612 5534 uc
626 5479 719 5547 lma
735 5481 785 5546 Ed.
799 5483 874 5537 tm
892 5488 979 5541 corat.
1115 5470 1118 5475 ’
1374 5495 1407 5559 8)
1424 5498 1607 5566 utppotytss]
1625 5500 1667 5554 stc
1683 5502 1733 5556 nt.
1751 5502 1839 5567 15ης
1859 5505 1908 5558 Ed.
1924 5507 2000 5563 tate.
2035 5506 2216 5573 utssotssss.

376 3776 664 3849 Timasarclo
683 3778 866 3865 aeginetae
887 3779 1007 3847 uictori
1021 3782 1060 3848 s'u
1073 3783 1256 3868 palaestra.
