4778 6240
171 320 249 400 ⁵2⁵
466 281 609 393 chr.
657 318 942 394 somnino
975 320 1172 398 numu
1206 325 1677 408 uarauonruosron
1711 334 1871 411 ovmu
2133 347 2212 426 sss

274 494 337 595 De
364 490 568 577 cornice,
594 516 734 562 corvo
759 506 802 564 et
827 506 994 566 noctua
1012 495 1073 592 ω).
1192 493 1198 578 ἓ
1222 516 1352 575 ratum.
1412 503 1468 573 Ex
1500 529 1539 575 ea
1571 530 1658 576 vero
1688 507 1781 579 lucta
1805 507 1957 580 Vulcani
1987 527 2022 583 et
2042 514 2211 607 Palladis,

277 628 368 699 Tres
393 628 533 698 fabulae
561 629 668 699 simul
688 653 869 699 connexae
895 643 994 701 sunt.
1031 654 1102 701 una
1125 634 1169 701 de
1221 618 1347 676 natum
1368 631 1442 679 esse
1458 605 1756 696 Erichthonium,
1781 613 1884 705 quasi
1899 616 1943 684 de
1968 626 2063 686 terra
2092 632 2127 688 et
2147 621 2211 692 lite

176 733 338 814 cornice,
363 755 454 823 quae
471 731 576 803 docet
590 731 837 824 garrulitatem
864 734 1044 828 plerisque
1069 733 1169 803 odio·
1221 724 1469 830 P¹⁰⁰l⁰³²¹Jm2
1504 715 1600 805 ‘1⁰⁰⁶
1623 711 1807 832 Vlllcffmss
1829 731 2016 820 ⁸⁰P²f³l¹¹⁸
2042 721 2208 794 effectum

176 860 252 906 sam
271 857 364 914 esse,
391 833 854 925 praesertimsapientibum
887 859 973 904 nam
997 835 1080 905 ideo
1104 837 1170 906 bn·
1221 813 1379 882 l¹b¹d¹¹¹¹⁸
1395 838 1434 881 ¹¹¹
1451 825 1583 882 tellam
1600 830 1817 906 Ps⁰¹0⁶¹⁸⁸0l·

177 938 272 1030 gitur
298 936 422 1005 cornix
447 936 632 1006 Minervae
654 937 782 1007 invisa.
832 937 953 1006 Altera
978 940 1022 1007 de
1046 962 1169 1022 corvo,

178 1064 270 1135 quae
290 1041 395 1107 docet
411 1040 600 1110 consilium
618 1041 709 1109 bene
722 1040 903 1111 monentis
917 1063 992 1109 non
1015 1064 1090 1111 csse
1114 1064 1169 1110 re-

142 1161 146 1167 ·
177 1143 413 1233 pudiandum.
476 1141 614 1212 Corvus
635 1141 751 1226 enim,
786 1143 873 1212 dum
898 1143 1035 1233 spernit
1056 1144 1169 1214 consi·
1271 1122 1331 1195 Vs.
1349 1119 1435 1194 555·
1481 1129 1741 1222 W'diltllwlm
1767 1131 1878 1199 'slim
1907 1134 2041 1219 9οΜΜο
2068 1135 2109 1202 dt
2144 1137 2207 1206 Ge·

176 1246 266 1314 lium
284 1243 468 1325 cornicis,
482 1246 558 1336 ipse
574 1245 722 1314 accersit
745 1244 813 1315 sibi
827 1266 997 1334 magnum
1021 1245 1169 1315 malum.
1527 1254 1623 1319 c'll’e
1639 1235 1742 1300 Μῖῖθ·

178 1345 304 1415 Tertia
320 1348 363 1415 de
379 1346 590 1439 Nyctimene
612 1347 651 1416 in
672 1359 842 1417 noctuam
867 1371 1038 1417 conversa
1056 1347 1169 1415 conti-
1320 1342 1473 1417 lustinus
1492 1349 1614 1417 scribit
1631 1349 1844 1441 Cecropem,
1869 1373 1989 1440 regem
2011 1346 2205 1423 Athenien-

1315 985 1511 1078 Cecrops
1539 988 1745 1077 geminus
1772 1014 1846 1061 seu
1873 990 2109 1083 bicorpor.

180 1551 295 1634 dinis,
329 1575 370 1620 ac
391 1552 495 1623 docet
515 1550 663 1622 honeste
686 1551 900 1634 vivendum,
931 1564 972 1620 ut
991 1552 1083 1620 bene
1106 1574 1169 1621 au·
1220 1550 1522 1633 trimonium,·ac
1546 1554 1627 1622 ideo
1643 1554 1729 1644 fingi
1745 1554 1926 1644 geminum
1940 1568 2089 1647 propter
2102 1559 2204 1626 lemi-

179 1654 342 1736 diamus,
367 1666 401 1721 et
422 1654 461 1724 in
483 1668 711 1746 conspectum
729 1653 859 1727 ,venire
885 1677 960 1722 non
985 1654 1169 1723 erubesca-
1219 1679 1287 1723 nae
1304 1666 1340 1725 et
1355 1655 1464 1722 maris
1479 1655 1780 1725 coniunctionem.
1821 1657 2017 1747 Gregorius
2031 1682 2117 1729 vero
2132 1659 2204 1731 Na-

180 1781 272 1825 mus.
324 1756 397 1851 Qui
410 1758 504 1827 enim
523 1757 780 1847 turpitudinem
795 1756 966 1838 subeunt,
1001 1757 1169 1824 omnibus
1220 1757 1408 1826 zianzenus
1425 1757 1463 1823 in
1479 1756 1552 1825 vita
1568 1756 1694 1826 Basilii
1708 1756 1851 1846 Magni,
1870 1758 1992 1829 scribit
2008 1757 2204 1854 Cecropem

179 1852 339 1926 honestis
353 1857 480 1942 invisi,
507 1859 655 1950 perinde
670 1882 710 1927 ac
730 1870 905 1942 noctuae,
930 1858 1045 1927 lucem
1062 1870 1168 1951 atque
1219 1861 1308 1929 duas
1330 1861 1485 1932 tenuisse
1504 1858 1663 1950 linguas,
1684 1859 1861 1936 Graecam
1885 1873 1920 1929 et
1935 1864 2204 1954 Aegyptiacam‚

181 1965 407 2049 conspectum
449 1961 602 2051 fugiunt.
676 1959 877 2030 Politianus
916 1961 1024 2029 aliam
1067 1960 1169 2050 lingit
1219 1974 1326 2056 atque
1349 1958 1442 2032 hanc
1465 1985 1539 2032 esse
1569 1985 1733 2044 causam,
1766 1986 1829 2032 cur
1855 1964 2009 2054 fingatur
2030 1964 2204 2055 geminus.

181 2085 344 2144 causam,
370 2086 478 2154 quam
496 2062 667 2146 Ovidius,
691 2087 755 2134 cur
778 2086 861 2132 aves
883 2061 1169 2132 circumvolitent
1218 2065 1393 2136 Traditur
1414 2065 1522 2133 etiam
1539 2063 1693 2157 Cecrops
1718 2064 1823 2133 initio
1844 2065 1947 2157 regni
1971 2065 2078 2136 luisse
2100 2089 2204 2158 asper

178 2176 369 2248 noctuam,
396 2167 579 2249 videlicet,
613 2189 689 2233 non
713 2166 812 2258 quod
833 2187 912 2234 eam
938 2185 1081 2234 exosam
1105 2162 1169 2232 ha·
1219 2180 1254 2238 et
1270 2169 1400 2251 durus,
1426 2190 1466 2235 ac
1482 2179 1604 2258 postea
1622 2167 1833 2261 lenisatque
1854 2164 2048 2239 humanus:
2076 2194 2146 2264 qua
2161 2182 2208 2238 er'

180 2268 311 2349 beant,
352 2267 413 2336 sed
442 2270 540 2361 quod
565 2268 614 2334 ita
637 2278 863 2335 venerentur.
927 2267 989 2335 Ait
1012 2267 1168 2335 aviculas
1218 2296 1257 2340 re
1291 2274 1480 2341 confictam
1508 2293 1581 2340 esse
1606 2270 1765 2340 subulam
1796 2266 2010 2342 Plutarchus
2030 2271 2077 2360 ⁸²)
2108 2271 2203 2341 arbi·

183 2370 270 2438 olim
288 2370 333 2437 ab
357 2370 418 2436 illa
442 2369 664 2454 admonitas,
690 2392 736 2436 ne
751 2367 947 2438 insiderent
968 2369 1168 2451 arboribus,
1218 2388 1346 2444 tratur.

179 2496 272 2540 neve
300 2472 394 2539 inter
418 2474 564 2542 frondes
586 2474 634 2540 ita
658 2471 882 2554 lascivirent,
916 2472 1167 2553 subsultarent,

183 2573 405 2641 colluderent
421 2589 456 2643 et
471 2585 674 2653 cantarent;
701 2575 763 2643 scd
775 2568 868 2641 hanc
883 2574 1166 2643 admonitionem

183 2699 264 2744 cum
280 2674 439 2745 aviculae
456 2675 768 2768 contempsissent,
795 2699 854 2746 eas
869 2676 964 2746 visco
980 2676 1195 2767 implicitas!
1268 2664 1328 2733 Vs.
1349 2661 1436 2733 612.
1482 2662 1636 2729 Paenitet
1675 2659 1739 2725 deu
1780 2681 1856 2726 cero
1893 2682 2019 2746 poenae
2059 2662 2206 2730 crudelia

181 2801 263 2848 sero
293 2779 529 2869 poenituisse,
564 2780 661 2872 quod
691 2779 832 2848 salubre
858 2779 947 2849 illud
979 2777 1166 2849 consilium
1560 2770 1740 2830 mmm·

181 2879 409 2970 sprevissent.
486 2880 603 2975 Atque
637 2877 706 2950 hoc
747 2880 799 2949 ait
831 2906 923 2965 esse,
972 2895 1167 2961 cur'aves,
1322 2882 1492 2965 Coronis,
1524 2878 1728 2971 Aesculapii
1754 2889 1890 2963 mater,
1929 2876 2068 2948 interiit
2095 2877 2203 2968 pesti-

181 2982 294 3052 sicubi
323 2996 492 3053 noctuam
521 2982 697 3066 viderint,
735 2983 938 3076 frequentes
963 3008 1040 3054 eam
1066 2982 1167 3077 quasi
1220 2986 1348 3059 lentia:
1374 2981 1458 3054 hinc
1472 2984 1619 3074 fingitur
1636 2983 1707 3051 telo
1730 2981 1944 3073 interempta
1963 2981 2007 3050 ab
2022 2981 2202 3074 Apolline.

182 3084 362 3168 δὸῙῠῑθῦῑ,
401 3087 605 3168 deducant,
655 3096 860 3169 sectentur,
904 3085 1167 3169 circumsident,
1218 3090 1310 3162 Solis
1333 3089 1428 3158 enim
1454 3086 1548 3155 radii
1574 3084 1815 3156 assimilantur
1838 3082 1995 3174 sagittis,
2030 3096 2065 3153 et
2089 3083 2204 3153 nimio

180 3186 487 3293 circumvolitent,
512 3201 686 3281 tanquam
704 3188 924 3259 admirantes
937 3190 1012 3260 eius
1027 3188 1168 3280 sapien·
1218 3194 1293 3264 eius
1313 3193 1455 3261 fervore
1485 3189 1665 3258 interdum
1699 3209 1761 3255 aer
1783 3186 1823 3253 lit
1854 3185 2033 3279 pestilens.
2107 3186 2205 3278 Qua-

180 3288 281 3360 tiam.
346 3290 443 3361 llaec
463 3290 607 3385 quidem
632 3291 757 3361 festiva
778 3303 880 3371 sunt;
920 3294 980 3362 sed
1003 3292 1092 3360 illud
1116 3302 1168 3360 cst
1217 3293 1552 3390 propterHomerus
1568 3313 1712 3386 quoque
1728 3288 1841 3378 fingit,
1867 3286 2019 3357 interfici
2035 3289 2080 3357 ab
2094 3287 2204 3380 Apol·

177 3392 358 3477 festivius,
391 3390 570 3487 habetque
591 3393 673 3485 plus
695 3392 900 3486 gravitatis,
934 3396 1033 3488 quod
1060 3405 1166 3487 poeta
1217 3400 1316 3482 line,
1356 3396 1418 3490 qui
1452 3407 1549 3487 peste
1580 3392 1798 3463 moriuntur.
1873 3388 2052 3482 Apollinis
2084 3404 2202 3460 autem

1282 2523 1481 2595 Coronis
1507 2524 1559 2591 ab
1585 2521 1808 2612 Apolline
1846 2523 2141 2615 interempta.

180 3489 241 3563 hic
256 3496 377 3586 fingit:
420 3496 584 3567 videlicet
604 3509 774 3567 noctuam
795 3497 917 3589 sugere
940 3508 1166 3589 conspectum
1220 3499 1381 3590 exemplo
1405 3494 1475 3569 hoc
1504 3498 1583 3566 loco
1608 3516 1818 3579 monemur,
1859 3517 1905 3562 ne
1928 3489 2204 3563 statimhabea·
2316 3492 2324 3497 ”

183 3609 291 3692 atque
316 3600 431 3679 lucem
459 3612 610 3691 propter
635 3599 830 3670 admissum
854 3600 1028 3685 dedecus,
1069 3600 1167 3692 quod
1217 3630 1298 3675 mus
1322 3604 1428 3671 fidem
1456 3598 1693 3680 delatoribus,
1719 3619 1791 3664 neu
1814 3595 1900 3689 quid
1924 3618 1967 3662 ex
1989 3593 2204 3687 impotentia

181 3701 303 3791 patrio
321 3700 433 3770 cubili
458 3724 495 3771 se
517 3701 753 3793 implicuerit,
789 3724 942 3795 eamque
964 3703 1011 3772 ob
1033 3701 1070 3770 id
1095 3724 1168 3772 esse
1219 3706 1332 3778 animi
1345 3704 1537 3787 faciamus,
1563 3702 1661 3772 cuius
1677 3711 1799 3792 postea
1814 3721 1880 3767 nos
1897 3695 2090 3789 poeniteat.

178 3814 255 3869 tam
271 3802 422 3872 invisam
440 3804 585 3886 avibus,
608 3815 649 3873 ut
663 3826 788 3872 omnes
804 3827 882 3872 eam
898 3807 983 3874 odio
1001 3801 1167 3874 habeant.
1847 3865 1855 3881 .

180 3900 371 3971 Caeterum
415 3916 456 3973 ut
494 3906 540 3972 ad
577 3904 729 3974 cornicis
768 3904 926 3975 fabulam
967 3910 1168 3990 redeamus,
1518 3873 1578 3942 De
1611 3869 1901 4007 A⁰⁸⁰¹¹lapt¹ffi
1980 3890 1984 3900 ⁵
2174 3987 2184 4006 ·

180 4003 321 4074 Plinius
335 4003 383 4096 ⁶¹)
407 4004 530 4076 scribit
552 4006 688 4074 nullam
711 4005 890 4074 cornicem
911 4004 1062 4078 Athenis
1084 4033 1167 4078 con·
1270 3994 1492 4088 Vss.629sq.
1509 3997 1567 4064 sed
1582 4001 1698 4062 natum
1708 3987 1858 4077 statamus
1876 3993 2034 4079 uteroque
2046 3993 2203 4073 parentur

180 4107 286 4199 spici:
326 4107 364 4176 id
385 4108 542 4177 arbitror
570 4109 677 4177 etiam
702 4108 873 4178 Ovidium
898 4111 1092 4179 transferre
1122 4114 1167 4180 ad
1271 4103 1420 4191 Eripuit.

180 4210 358 4293 fabulam,
392 4214 477 4281 dum
499 4210 601 4302 fingit
627 4212 805 4280 cornicem
828 4236 903 4282 esee
922 4211 1077 4281 'mvisam
1100 4212 1168 4299 Mi-
1320 4221 1482 4292 Deorum
1506 4213 1570 4282 filii
1592 4236 1612 4280 a
1637 4210 1752 4303 poetis
1782 4208 2017 4283 nominantur
2037 4201 2203 4281 homines

181 4336 334 4395 nervae,
358 4337 469 4406 quern
485 4312 619 4384 Graeci
634 4307 806 4408 Ἀθήναν
818 4315 1014 4407 appellant.
1218 4322 1362 4414 ingenio
1380 4334 1416 4391 et
1429 4319 1560 4386 virtute
1575 4324 1813 4405 praestantes,
1839 4311 1992 4403 eoquod
2007 4333 2130 4378 omnes
2146 4330 2204 4376 ex-

1219 4429 1384 4498 collentes
1408 4432 1502 4490 artes
1526 4431 1561 4488 et
1586 4417 1733 4486 virtutes
1756 4414 1795 4481 in
1812 4408 2019 4481 hominibus
2040 4412 2128 4480 liant
2149 4407 2203 4477 di·

497 4481 846 4558 Erichihwim‘
1218 4530 1304 4601 vino
1326 4528 1471 4597 adflatu.
1522 4521 1598 4589 Hac
1622 4521 1665 4588 de
1689 4540 1793 4586 causa
1813 4512 2044 4604 Aesculapius
2072 4511 2204 4582 dicitur

230 4621 290 4692 γὸ·
316 4617 403 4692 553·
457 4625 573 4694 Pali&
603 4626 887 4705 Erichthonium,
925 4624 1055 4712 Ptolem
1092 4629 1167 4695 'itte
1217 4635 1310 4703 lilius
1327 4628 1524 4724 Apollinis,
1551 4624 1655 4719 quia,
1682 4643 1761 4689 cum
1776 4616 1884 4688 fuerit
1902 4615 2073 4686 ercdlens
2089 4613 2201 4685 medi

486 4736 596 4796 matre
617 4737 777 4798 dmm.
1218 4762 1299 4818 cus,
1328 4736 1461 4812 dicunn
1486 4743 1639 4805 osteum
1664 4723 1785 4797 divino
1816 4732 1918 4790 motu
1948 4718 2131 4804 adiuvari,
2167 4726 2203 4785 et
2247 4810 2251 4819 Ι

279 4858 414 4929 Poetae
437 4858 628 4930 voluerunt
643 4860 824 4931 Palladem
841 4861 970 4931 llorere
990 4875 1165 4955 perpetuu
1218 4839 1362 4935 quidem
1378 4824 1904 4923 γί80115,(ΙῑΠΙ)Ῑῑ““ῑῑ’5ᾑ”’θῑ·
1961 4846 1965 4855 “

172 4961 403 5052 virginitate,
435 4964 533 5056 quod
554 4975 595 5033 ut
621 4965 844 5047 crederetur,
876 4966 1055 5036 tinxerunt
1078 4964 1165 5037 an-

176 5089 329 5148 canum,
369 5064 484 5136 Deum
508 5067 621 5158 ignis,
660 5064 697 5134 id
723 5079 794 5151 est,
830 5069 1008 5138 fervorem
1036 5090 1166 5141 cenu-

176 5166 391 5259 piscentiae,
414 5169 477 5239 diu
494 5195 572 5239 cum
589 5169 736 5239 Pallade
752 5170 923 5241 luctatum
940 5185 1047 5265 atque
1059 5196 1165 5265 supe-

184 5307 392 5321 -—

1447 5005 1627 5099 Ocyroe
1660 4999 1706 5073 in
1738 5021 1893 5107 equam
1914 4993 1973 5090 ³⁸).

1317 5144 1389 5215 Per
1410 5140 1598 5237 Ocyroen,
1636 5162 1728 5233 quae
1756 5159 1779 5206 a
1810 5131 1924 5204 veloci
1944 5130 2041 5201 fluxu
2066 5145 2200 5194 nomen

1216 5246 1345 5332 habet,
1371 5272 1412 5317 ac
1427 5245 1573 5339 fingitur
1592 5253 1727 5312 mutata
1746 5238 1785 5307 in
1801 5261 1944 5332 equam,
1972 5230 2128 5301 arbitror
2144 5228 2198 5295 ine

211 5365 259 5434 to)
280 5368 360 5423 Orld.
379 5371 443 5422 Met.
460 5370 495 5434 ll,
512 5369 560 5421 dtr
581 5382 640 5436 sqq.

208 5470 257 5538 tt)
291 5472 363 5526 Ptin.
387 5474 449 5526 utet
472 5473 545 5527 utet.
564 5473 609 5542 x,
637 5487 661 5527 c.
677 5476 719 5529 rt.
751 5474 802 5528 Ed.
826 5473 930 5529 Franz.
957 5475 1056 5539 (cn,
1080 5474 1182 5530 weg·
1247 5450 1298 5517 ot)
1316 5452 1454 5505 mutuet.
1471 5451 1505 5501 te
1522 5458 1588 5500 ren
1604 5441 1723 5498 nubis
1740 5439 1862 5492 vlndicte
1879 5435 1942 5490 nd.

243 5541 353 5606 'null‘
1248 5535 1297 5602 at)
1316 5537 1396 5590 (lvlt.
1412 5537 1478 5590 Met.
1491 5535 1525 5602 ll,
1537 5533 1590 5584 8⁸⁸
1604 5543 1665 5597 sqq.
