4778 6240
1782 110 1849 125 ὁ·
1884 113 1925 123 ···-

28 180 143 317 ‘253
194 237 196 242 ·
486 226 673 304 uxxxrrr.
732 223 1130 304 mrsueasrarro
1164 224 1458 301 musonem·
1476 182 1684 302 eranam.
1954 184 1959 195 ’
2019 238 2097 316 sss

62 413 193 489 hesse,
225 427 249 474 o
267 396 443 474 Charites.
502 400 615 473 Lucet
633 400 833 472 innumeris
853 399 1060 484 virtutibus,
1112 395 1235 470 Proeti
1255 400 1341 470 urbs
1361 401 1532 494 equestris
1554 394 1678 474 floruit
1698 403 1736 472 in
1764 401 1930 475 Corinthi
1952 412 2097 500 angulo,

68 520 220 604 propter
232 504 340 574 lortia
355 505 462 574 lacta.
513 503 661 595 Longae
678 499 851 575 historiae
876 501 1061 573 suntPer·
1112 512 1148 569 et
1162 513 1289 595 quater
1304 501 1341 570 in
1358 501 1526 574 Nemeis?
1552 503 1653 598 (Ast.
1671 506 1726 601 8.)
1752 530 1795 576 ex
1811 506 1963 600 Sicyone
1982 506 2097 580 hono-

72 612 127 685 sei
150 612 194 679 de
216 607 366 678 Medusa
389 618 425 675 et
449 605 636 697 Gorgone;
680 606 813 678 multae
835 605 873 673 in
895 604 1061 697 Aegypto
1111 603 1182 671 rati
1213 605 1389 695 argenteis
1418 600 1549 696 phialis
1577 621 1846 698 processerunt,
1887 635 1930 680 ex
1953 611 2097 683 Pellene

73 714 181 786 nrbes
212 709 378 780 conditae
408 720 493 778 sunt
512 704 712 802 Epaphi¹⁸)
744 707 920 778 manibus.
986 705 1062 777 Nee
1111 701 1266 775 Achaica
1288 706 1405 775 induti
1426 709 1595 779 mollibus
1617 712 1698 782 filis.
1762 711 1866 783 Acris
1897 726 2016 784 autem
2039 738 2098 784 co-

70 815 354 908 Hypermnestra
380 809 535 894 erravit,
568 812 643 882 sola
678 811 836 881 retinens
866 810 903 878 in
931 808 1060 898 vagina
1113 809 1209 899 piam
1227 831 1303 877 non
1320 833 1464 901 possum
1481 813 1648 893 recitare3
1675 813 1821 885 maioris
1837 814 1932 884 enim
1956 830 2010 886 est
2032 815 2098 885 otii

70 917 244 1009 gladium.
297 909 398 1007 (Aac.
417 911 470 1008 1.)
496 911 711 982 Diomedem
731 912 851 982 Pallas
873 911 990 981 Deum
1012 910 1061 978 le·
1112 934 1323 993 numerare,
1350 911 1437 1005 qnid
1452 913 1585 998 Clitor,
1612 927 1647 984 et
1662 915 1800 1006 Tegea,
1825 928 1861 985 et
1876 917 1969 986 altae
1991 919 2097 990 urbes

71 1017 132 1091 cit.
182 1019 299 1089 Terra
315 1009 451 1085 Thebis
461 1015 612 1085 fulmine
628 1017 718 1097 icta,
743 1008 1061 1104 excepitAmpbia-
1084 997 1089 1127 Ι
1111 1009 1288 1082 Achaicae
1318 1014 1551 1099 donaverint,
1592 1030 1627 1086 et
1660 1030 1834 1112 quantum
1864 1018 2003 1089 dederit
2026 1017 2097 1112 Ly·

70 1144 178 1191 raum
191 1119 277 1189 belli
299 1116 451 1196 nubem;
486 1130 523 1186 et
544 1117 682 1188 excellit
702 1116 872 1187 formosis
901 1112 1060 1184 mulieri·
1112 1138 1236 1185 cacum
1263 1116 1358 1206 apud
1381 1140 1479 1187 aram
1504 1114 1598 1189 Iovis
1619 1119 1842 1191 vincentibus
1864 1144 2036 1191 manuum
2062 1134 2099 1192 et

71 1224 141 1293 bus
154 1221 293 1313 Argos,
318 1219 401 1312 quia
417 1217 553 1310 Iupiter
567 1221 713 1289 veniens
734 1220 778 1287 ad
794 1219 1001 1289 Alcmenam
1026 1226 1062 1284 et
1113 1219 1243 1308 pedum
1265 1218 1408 1290 robore.
1477 1216 1559 1312 (sp.
1584 1221 1638 1316 8.)
1672 1221 1763 1293 Cum
1785 1222 1880 1292 enim
1907 1223 2035 1294 Castor
2062 1235 2098 1293 et

72 1321 303 1416 Danaen¹¹)‚
328 1316 435 1393 buius
448 1323 564 1391 famae
583 1333 689 1391 autor
704 1331 768 1404 est,
789 1333 825 1389 et
838 1320 933 1412 patri
946 1320 1070 1390 Adra·¹
1111 1319 1241 1389 Pollux
1255 1319 1389 1391 luerint
1410 1317 1568 1413 hospites
1588 1326 1685 1416 apud
1701 1320 1932 1417 Pampbaen,
1957 1325 2097 1417 generis

74 1424 121 1496 sti
143 1424 280 1507 Talao,
317 1435 353 1492 et
374 1421 519 1517 Lynceo
546 1424 645 1494 dedit
667 1423 880 1515 sapientiam
904 1436 941 1491 et
961 1419 1061 1493 iusti·
1112 1422 1165 1491 tui
1181 1435 1357 1505 autorem,
1376 1448 1450 1493 non
1465 1438 1517 1495 est
1531 1427 1662 1496 mirum
1682 1428 1833 1518 posteris
1848 1427 1993 1498 insitum
2010 1450 2097 1511 esse,

73 1527 176 1597 tiam.
228 1521 308 1616 (sp.
325 1525 379 1618 1.)
403 1524 496 1596 Iuvit
513 1538 549 1595 et
562 1527 695 1596 bellum
710 1521 984 1618 Amphitryonis
1005 1521 1061 1592 Iu·
1112 1524 1355 1594 utbantboni
1378 1522 1551 1609 athletae,
1586 1529 1671 1622 quia
1688 1529 1815 1600 Castor
1836 1543 1871 1598 et
1884 1528 2014 1599 Pollux
2038 1554 2097 1599 cn·
2149 1572 2152 1577 -

73 1627 189 1720 piter,
227 1641 263 1698 et
284 1626 401 1698 socius
423 1629 536 1699 lactus
560 1641 611 1699 est
633 1628 785 1719 generis.
849 1625 940 1696 Cum
965 1625 1059 1695 enirn
1112 1628 1231 1698 stodes
1247 1626 1415 1718 Spartae,
1448 1653 1528 1698 cum
1543 1630 1725 1700 Mercurio
1750 1629 1949 1700 etHercule
1972 1632 2098 1719 guber-

72 1729 200 1800 ierreis
216 1728 325 1799 armis
343 1730 516 1801 destruxit
531 1731 727 1814 Teleboas,
760 1742 845 1799 tunc
865 1729 899 1798 ei
922 1726 1063 1800 assimi-
1113 1743 1203 1799 nant
1216 1742 1348 1801 sortem
1365 1730 1621 1815 certaminum,
1644 1745 1679 1803 et
1694 1732 1856 1803 convivia
1885 1732 2097 1803 victorialis.

72 1833 167 1901 latus
184 1827 337 1922 Iupiter,
363 1829 512 1902 intravit
532 1833 570 1901 in
595 1833 734 1916 aulam,
767 1833 919 1902 afferens
941 1852 1062 1901 semen
1112 1830 1225 1902 Valde
1242 1831 1336 1901 enim
1352 1846 1479 1902 curant
1493 1831 1591 1904 viros
1607 1834 1737 1920 iustos,
1764 1834 1849 1929 quia
1864 1832 2022 1903 Deorum
2041 1856 2098 1925 ge·

37 1927 40 1931 ’
72 1931 294 2024 intrepidum
316 1931 500 2018 Herculis,
542 1935 642 2007 cuius
662 1958 753 2006 uxor
776 1934 875 2004 llebe
896 1935 934 2002 in
961 1933 1061 2004 coelo
1113 1957 1182 2005 nus
1195 1934 1298 2004 fidele
1313 1948 1377 2006 est.
1429 1936 1521 2031 (Str.
1540 1935 1592 2032 4.)
1618 1937 1870 2009 Permutantes
1883 1936 1979 2007 enim
1992 1934 2100 2019 vices,

74 2058 190 2128 prope
211 2047 365 2104 matrem
387 2034 562 2107 Iunonem
584 2038 751 2109 incedens
773 2051 837 2109 est.
900 2035 992 2130 (Str.
1007 2036 1062 2132 Ξ.)
1115 2036 1266 2107 alterum
1282 2038 1376 2107 diem
1392 2035 1468 2107 lovi
1484 2041 1667 2124 tribuunt,
1692 2042 1845 2112 alterurn
1867 2040 1906 2108 in
1926 2039 2100 2130 specubus

74 2136 159 2211 Non
182 2148 235 2209 est
253 2151 372 2208 autem
396 2152 496 2210 tanta
525 2165 605 2211 mea
634 2141 823 2224 facundia,
861 2152 902 2209 ut
928 2139 1062 2232 possim
1114 2139 1283 2210 terracin
1299 2140 1493 2212 cavislocis
1509 2139 1719 2234 Therapnes
1736 2145 1923 2234 degentes,
1946 2141 2099 2212 similem

77 2262 289 2311 enumerare
303 2240 426 2310 omnia
448 2237 616 2326 honesta,
647 2266 740 2336 quae
760 2239 869 2313 habet
888 2243 1062 2334 templum
1115 2243 1357 2312 conditionem
1374 2237 1524 2328 habent,
1551 2249 1635 2341 quia
1651 2245 1780 2316 Pollux
1796 2241 1892 2316 hunc
1908 2243 2002 2314 vitae
2023 2266 2100 2313 mo-

75 2340 262 2435 Argivum.
312 2340 465 2412 Difficile
478 2355 530 2413 est
545 2357 664 2414 autem
681 2345 855 2416 sustinere
869 2342 1064 2414 fastidium.
1115 2345 1201 2413 dum
1228 2345 1348 2435 potius
1378 2346 1503 2437 elegit,
1550 2349 1902 2442 quamsinesratre
1933 2343 2102 2416 incaelo

75 2444 246 2514 Attamen
269 2445 421 2513 excitato
446 2444 583 2537 lyram,
623 2459 659 2516 et
681 2471 782 2518 sume
808 2467 931 2515 curam
952 2446 1064 2515 lucta-
1116 2468 1190 2515 esse
1199 2445 1267 2538 ²⁸),
1300 2469 1379 2516 cum
1398 2446 1525 2519 Castor
1548 2450 1586 2516 in
1609 2451 1747 2541 proelio
1771 2450 1977 2518 interfectus
2001 2457 2103 2520 esset.
2230 2491 2233 2495 -

76 2569 173 2616 rum.
239 2544 432 2614 Certamen
454 2569 605 2617 aeneum
627 2542 794 2618 hortatur
817 2549 991 2641 populum
1018 2547 1065 2617 ad
1116 2546 1209 2620 Nam
1231 2544 1311 2616 Idas
1334 2547 1448 2619 iratus
1470 2562 1619 2641 propter
1645 2553 1775 2633 boves,
1809 2549 2014 2620 vulneravit
2042 2572 2102 2618 cu·

77 2645 288 2718 sacrificium
303 2643 473 2731 Iunonis,
496 2660 532 2718 et
557 2651 602 2719 ad
625 2651 860 2720 certaminum
880 2649 1065 2733 iudicium,
1116 2649 1215 2742 spide
1246 2645 1369 2718 bastae
1399 2650 1596 2722 Castorem.
1669 2650 1771 2745 (Ant.
1795 2649 1849 2745 4.)
1882 2651 1915 2718 A
1938 2648 2103 2742 Taygeto

77 2748 118 2819 in
134 2747 263 2842 quibus
280 2748 500 2821 victorfilius
518 2750 679 2846 uliaeff)
700 2754 788 2824 duas
803 2748 930 2823 habuit
953 2751 1067 2821 victo-
1117 2752 1212 2822 enim
1249 2753 1339 2843 pede
1364 2753 1549 2845 speculans
1583 2753 1673 2823 vidit
1706 2752 1871 2846 Lynceus
1901 2752 1940 2819 in
1973 2763 2102 2820 nuncu

77 2850 164 2923 rias.
223 2846 324 2941 (nst.
340 2853 396 2950 Ξ.)
422 2851 517 2922 Vicit
537 2866 657 2924 autem
680 2867 716 2925 et
736 2867 894 2925 caeteros
909 2854 1066 2926 Graecos
1117 2877 1255 2948 querno
1278 2857 1438 2928 sedentes
1461 2854 1644 2926 Castorem
1677 2867 1712 2924 et
1735 2854 1931 2924 Pollucem.
1996 2849 2104 2923 Oculi

77 2952 118 3023 in
138 2946 326 3046 Pythone,
363 2967 400 3026 et
423 2957 463 3024 in
483 2950 640 3028 Isthmiis
665 2969 701 3028 et
722 2956 868 3030 Nemeis
892 2980 1064 3026 coronam
1118 2957 1214 3027 enim
1230 2954 1365 3049 Lyncei
1380 2957 1575 3027 acutissimi
1590 2971 1713 3040 erant,
1738 2980 1825 3049 prae
1848 2956 2010 3025 omnium
2036 2949 2103 3022 ho·

78 3053 179 3126 dedit
200 3053 315 3127 Musis
337 3055 643 3129 concinnandam:
684 3069 739 3130 ter
759 3061 798 3129 in
821 3055 998 3143 Isthmiis,
1031 3070 1066 3128 et
1117 3058 1256 3130 minum
1281 3059 1405 3130 oculis.
1456 3058 1694 3130 Velocissimis
1715 3059 1865 3150 pedibus
1884 3054 2048 3150 Lynceus
2068 3066 2105 3124 et

78 3168 134 3229 ter
153 3155 193 3225 in
209 3156 366 3232 Nemeis.
417 3158 452 3229 Ο
469 3157 624 3253 Iupiter,
655 3163 744 3256 quid
768 3163 921 3255 amplius
942 3158 1067 3253 optet?
1117 3160 1197 3232 Idas
1212 3162 1258 3229 ad
1273 3159 1459 3231 Castorem
1482 3172 1518 3230 et
1532 3161 1717 3231 Pollucem
1743 3171 1937 3242 venerunt,
1971 3171 2006 3228 et
2028 3179 2103 3225 ma·

79 3258 210 3332 omnis
230 3260 327 3331 enim
350 3285 529 3335 successus
548 3286 657 3356 penes
680 3277 715 3335 te
735 3278 807 3350 est,
844 3289 911 3335 nec
933 3263 1066 3356 ignavo
1118 3287 1227 3354 gnum
1246 3286 1336 3354 opus
1352 3263 1472 3332 conati
1488 3276 1571 3333 sunt
1588 3262 1769 3344 celeriter,
1804 3274 1840 3331 et
1859 3259 1982 3350 gravia
2006 3257 2103 3351 passi

79 3363 189 3435 corde
203 3361 356 3438 afferens
370 3365 579 3451 audaciam,
604 3363 734 3458 petita
760 3379 795 3438 te
821 3363 891 3437 hoc
917 3368 1067 3436 donum.
1118 3378 1212 3436 sunt.
1278 3363 1365 3433 Mox
1393 3365 1488 3435 enim
1519 3364 1617 3434 venit
1637 3364 1788 3446 Pollux,
1826 3362 2011 3432 interfecto
2037 3359 2104 3431 Ca·

78 3465 161 3558 (ΕΡ.
175 3462 230 3561 2)
256 3466 351 3540 Nota
368 3465 446 3538 Deo
464 3492 576 3553 cano,
602 3483 637 3539 et
649 3467 719 3562 ipsi
734 3469 882 3553 victori,
908 3469 971 3562 qni
993 3491 1067 3537 cer·
1119 3480 1233 3549 store;
1259 3465 1320 3536 isti
1335 3479 1453 3537 antem
1472 3470 1681 3539 restiterunt
1703 3488 1815 3558 prope
1842 3466 2019 3535 tumulum
2041 3485 2105 3554 pa·

79 3579 134 3637 tat
148 3569 192 3637 de
207 3569 390 3640 cacumine
408 3572 656 3642 certaminum.
707 3570 823 3643 Habet
848 3583 967 3642 autem
984 3570 1066 3640 Pisa
1119 3569 1205 3653 tris,
1242 3566 1323 3661 (Ep.
1346 3567 1400 3665 4.)
1433 3571 1528 3638 uude
1559 3583 1740 3661 acceptam
1763 3566 1940 3638 Plutonis·
1962 3589 2103 3636 saxeam

79 3693 284 3762 supremam
302 3671 465 3743 Herculis
478 3673 612 3765 legem,
644 3684 680 3742 et
698 3697 823 3745 suaves
837 3697 941 3744 voces
958 3667 1068 3741 Athe·
1119 3683 1272 3743 statuam
1291 3671 1520 3763 proiecerunt
1534 3670 1572 3740 in
1594 3683 1716 3762 pectus
1730 3667 1904 3746 Pollucis;
1938 3667 2000 3738 sed
2020 3690 2102 3734 eum

79 3773 260 3843 niensium
277 3797 343 3866 per
360 3774 548 3846 intervalla
565 3775 621 3846 bis
635 3799 719 3846 eum
732 3776 771 3845 in
793 3775 975 3848 sacrificiis
991 3775 1068 3868 lau·
1120 3797 1195 3844 non
1216 3771 1441 3858 colliserunt,
1473 3798 1590 3867 neque
1610 3782 1866 3865 represserunt.
1934 3765 2103 3838 Incitatus

82 3874 272 3946 deserunt.
748 3964 754 3974 ,
1120 3877 1249 3969 igitur,
1292 3878 1410 3968 adegit
1438 3876 1547 3945 telum
1575 3877 1612 3944 in
1643 3875 1735 3947 latus
1758 3871 1904 3966 Lyncei.
1968 3867 2104 3961 Iupiter

185 3973 271 4047 Fuit
282 3989 401 4047 antem
416 3977 617 4069 praemium
631 3976 822 4064 victoriae,
842 4002 970 4051 urceus
992 3974 1069 4068 igni
1121 4003 1206 4049 vero
1221 3977 1349 4049 deiecit
1364 3978 1403 4047 in
1415 3976 1515 4048 Idam
1530 3979 1709 4049 fumosum
1723 3975 1872 4046 fulmen.
1912 3972 2026 4044 Simul
2042 3993 2105 4041 au-

81 4088 223 4162 coetus,
265 4079 329 4173 qui
358 4080 457 4150 venit
486 4081 532 4151 ad
558 4080 674 4171 Argos
699 4079 794 4150 inter
826 4081 939 4150 multa
972 4101 1069 4149 vasa.
1120 4094 1193 4150 tem
1209 4081 1384 4151 combusti
1397 4078 1650 4173 suntLynceus
1667 4074 1802 4161 etIdas,
1828 4075 1970 4148 deserti.
2002 4073 2104 4142 Adeo

80 4181 175 4276 (so.
192 4181 246 4278 d.)
271 4180 442 4277 Sequitur
455 4182 569 4274 gloria
584 4182 819 4254 certaminum
837 4194 994 4252 vestrum
1011 4204 1069 4272 ge·
1121 4182 1261 4252 difficile
1276 4194 1329 4253 est
1350 4177 1511 4263 bomini,
1544 4204 1703 4272 pugnare
1726 4204 1806 4249 cnm
1832 4176 2106 4271 potentioribus.

81 4308 152 4355 nus
172 4295 398 4369 maternum,
430 4309 504 4354 nna
527 4309 608 4356 cnm
633 4284 768 4357 Gratiis
790 4298 827 4356 et
849 4281 1069 4377 Tyndaridis
1121 4282 1213 4377 (Str.
1227 4280 1281 4377 5.)
1313 4281 1484 4352 Celeriter
1516 4295 1635 4352 autem
1659 4279 1788 4350 Pollux
1810 4282 1856 4349 ad
1878 4281 2025 4349 fratrem
2048 4299 2105 4346 re-

81 4387 299 4479 frequenter.
349 4388 402 4458 Ac
416 4387 546 4478 dignus
564 4410 630 4480 ego
643 4388 836 4471 existimer,
862 4410 938 4457 non
952 4385 1069 4455 occul·
1121 4386 1207 4471 diis,
1232 4397 1269 4455 et
1282 4409 1363 4455 eum
1378 4386 1540 4455 nondum
1554 4394 1738 4453 mortuum
1760 4378 2012 4474 deprehendit,
2043 4380 2106 4449 sed

82 4500 160 4559 tare
175 4488 297 4560 laudes
312 4483 464 4574 borum,
490 4514 571 4562 eum
593 4504 766 4581 cognatus
783 4515 861 4563 sum
880 4483 1069 4582 Thrasycli
1120 4484 1281 4558 anhelitu
1295 4487 1482 4579 rigentem.
1533 4484 1732 4556 Effundens
1755 4496 1873 4554 autem
1899 4482 2032 4553 calidas
2053 4481 2106 4549 la-

82 4602 119 4660 et
139 4589 269 4661 Antiae
290 4591 521 4683 Argivorum.
584 4593 685 4687 Quot
706 4594 800 4663 enim
822 4590 982 4662 victoriis
1007 4589 1068 4658 itta
1121 4614 1260 4685 crymas
1282 4589 1377 4660 inter
1395 4591 1567 4682 gemitus,
1606 4589 1719 4657 altum
1742 4587 1887 4656 clamat:
1925 4584 2015 4678 Quis
2038 4581 2108 4652 erit

1047 4764 1050 4770 .
1120 4694 1201 4766 bnis
1221 4691 1408 4764 luctuum?
1463 4686 1556 4761 Mihi
1577 4689 1685 4760 etiarn
1707 4701 1861 4761 mortem
1887 4687 2047 4778 infligas,
2082 4707 2104 4754 o

150 4845 216 4897 sont
238 4839 462 4905 nsertsttonsn:
492 4839 594 4911 &asp
617 4835 696 4890 amat
713 4833 828 4904 otum,
858 4836 1013 4906 παλαιστῇ,
1041 4841 1069 4886 st
1120 4795 1265 4890 Iupiter.
1300 4794 1438 4865 Orbata
1455 4793 1549 4863 enim
1566 4791 1689 4862 amicis
1703 4791 1809 4884 periit
1823 4787 1952 4861 honos.
1994 4785 2107 4857 Pauci

150 4911 253 4977 asyro
280 4911 412 4973 harpe:
446 4910 572 4973 ΓΜ.
606 4907 670 4975 mss
695 4910 785 4961 uttae.
833 4909 1005 4968 sectatore
1039 4909 1069 4956 sc
1120 4895 1285 4970 homines
1300 4897 1336 4965 in
1358 4897 1465 4966 rebus
1488 4895 1645 4966 adversis
1667 4895 1787 4965 fideles
1807 4906 1911 4977 sunt,
1936 4892 2037 4983 (Ast.
2051 4884 2107 4982 6.)

150 4978 520 5115 ffisssbowssj’ff‘h'
539 4976 632 5048 Μ’
645 4972 758 5046 Ἀργείῳ
774 4975 914 5045 natmmp
922 5011 929 5036 ⁹
956 4977 1068 5091 mim
1119 5014 1161 5072 ut
1175 4999 1264 5073 socii
1277 4998 1348 5069 sint
1364 4998 1618 5091 periculorum.
1669 4996 1727 5066 Sic
1743 4995 1843 5066 dixit.
1894 4991 2029 5085 Iupiter
2043 5013 2105 5059 au·

117 5131 301 5251 Ἀζᾶμμιε]
322 5133 367 5251 pp>
389 5133 438 5185 ιε.
460 5132 535 5184 assa.
561 5131 610 5198 (=
626 5127 704 5184 etna.
726 5123 886 5196 anepos„
920 5128 970 5178 ns.
992 5124 1065 5176 sesa.
1120 5117 1192 5173 tem
1208 5103 1254 5171 ad
1270 5125 1351 5170 enm
1367 5099 1483 5184 venit,
1510 5113 1545 5170 et
1560 5099 1649 5168 dixit
1663 5093 1750 5167 baec
1766 5099 1891 5166 verba:
1922 5094 1981 5165 Tu
2006 5114 2105 5162 meus

209 5213 240 5251 s:
264 5204 324 5266 Aps
351 5236 360 5251 .
2120 5202 2128 5215 .

118 5282 167 5350 as)
185 5284 313 5348 mma]
329 5271 373 5337 nc‘
388 5285 438 5338 rc
453 5286 547 5349 ssss.;
569 5284 619 5336 no.
637 5281 714 5336 rm.
732 5284 862 5333 ursan.
1123 5273 1326 5291 ···-······

117 5369 166 5432 25)
185 5368 279 5428 urus]
297 5369 487 5430 sto(=lttnd.
504 5363 766 5431 mmmm,
784 5368 819 5419 a.
833 5367 939 5428 steps„
956 5362 1067 5426 Hesus,
1153 5367 1202 5431 26)
1221 5367 1300 5426 esse]
1324 5365 1366 5414 sto
1391 5365 1440 5415 td.
1458 5366 1551 5429 tm,
1582 5370 1610 5415 et
1627 5365 1780 5429 Interprett.
1798 5364 1831 5415 lt.
1852 5363 1962 5425 steph,
1988 5356 2103 5422 flayed,

153 5436 290 5501 bosom
314 5437 363 5489 u.
377 5436 452 5493 lm.
469 5439 525 5490 Ulli
543 5441 588 5501 (ut
605 5436 634 5489 ln
649 5434 855 5504 trampuons).
1189 5434 1333 5498 perehtrih
1357 5432 1405 5482 ΙΝ.
1425 5432 1498 5483 tw.
1518 5436 1605 5485 esset.
