4784 6256
281 327 357 403 m

282 492 473 592 purpureis
493 481 609 563 fasciis
630 502 736 559 nocte
758 489 926 561 iacientes
950 490 1037 572 iter,
1071 502 1106 558 et
1120 486 1272 560 Chironi

282 624 341 670 me
358 598 536 669 dederunt
551 595 731 665 alendum.
784 592 875 686 (Str.
892 592 945 688 6.)
973 593 1185 682 cognoscite
1209 615 1271 661 au-

172 714 177 722 '
281 717 354 772 tem
379 721 556 771 summam
580 692 711 765 horum
742 719 969 780 sermonum,
1010 694 1134 787 inclyti
1166 695 1270 776 cives,

281 815 472 899 parentum
501 823 663 868 meorum
694 800 821 867 domos
850 795 941 867 mihi
973 800 1079 891 plane
1103 797 1270 867 indicate.

280 905 433 979 Aesonis
458 902 553 972 enim
583 901 675 971 filius
705 901 894 990 indigena,
929 927 1004 969 non
1035 903 1081 968 ad
1115 899 1269 969 alienam

280 1023 413 1079 terram
429 1005 524 1074 veni.
576 1003 773 1074 Centaurus
789 1026 846 1070 me
864 1003 1006 1073 divinus
1020 1000 1183 1071 lasonem
1205 1026 1270 1071 no·

281 1108 444 1179 minavit.

384 1210 442 1280 Sic
474 1208 536 1277 ait.
604 1207 710 1277 Hunc
742 1209 995 1298 procedentem
1028 1206 1141 1297 patris
1175 1207 1269 1277 oculi

280 1324 524 1406 agnoverunt,
567 1333 609 1377 ex
639 1309 739 1379 cuius
759 1309 928 1379 senilibus
949 1309 1130 1401 palpebris
1156 1310 1270 1402 lacry-

279 1441 360 1487 mae
375 1415 619 1494 stillaverunt,
646 1412 730 1505 quia
756 1413 794 1480 in
819 1413 941 1480 animo
962 1412 1182 1495 laetabatur,
1217 1412 1269 1478 vi-

281 1523 368 1590 dens
384 1509 662 1610 pulcherrimam
682 1515 855 1585 sobolem.

383 1618 483 1714 (Ant.
500 1618 554 1711 6.)
583 1615 768 1685 Venerunt
785 1630 819 1685 et
837 1619 943 1685 ambo
960 1618 1090 1685 fratres
1105 1614 1268 1698 Aesonis,

280 1724 403 1795 audita
421 1724 516 1791 lama
531 1720 624 1789 eius:
660 1713 793 1788 Pheres
816 1720 941 1789 relicto
966 1720 1064 1788 fonte
1087 1719 1268 1811 Hypereo,

281 1840 316 1897 et
338 1819 546 1916 Amythaon
576 1846 619 1890 ex
648 1819 825 1892 Messana.
892 1822 1000 1890 Venit
1032 1834 1067 1889 et
1094 1823 1268 1891 Admetus

279 1923 443 1999 Pheretis
467 1924 580 2005 filius,
621 1936 657 1992 et
680 1923 882 2015 Melampus
902 1920 1142 2017 Amythaonis
1162 1924 1268 2005 filius,

280 2030 499 2123 gratulantes
514 2027 617 2095 fratri
633 2028 802 2116 patrueli:
832 2052 922 2120 quos
944 2030 981 2094 in
998 2026 1164 2094 convivio
1187 2050 1268 2095 sua-

281 2134 384 2203 vibus
402 2129 626 2201 sermonibus
642 2131 779 2220 excepit
795 2127 920 2213 lason,
946 2125 1136 2220 hospitalia
1153 2128 1267 2197 ollicia

279 2247 485 2328 praestans,
511 2245 546 2301 et
562 2233 599 2299 in
615 2225 834 2301 hilaritatem
851 2235 994 2315 ducens,
1019 2231 1179 2325 quinque
1196 2229 1269 2299 die·

280 2330 556 2426 bus-decerpens
571 2334 704 2406 ¹ilorem
730 2335 898 2404 laetitiae.
952 2333 1032 2427 (Ep.
1048 2333 1102 2428 6.)
1130 2334 1267 2403 Verum

279 2453 379 2513 sexta
408 2441 465 2508 die
494 2439 685 2528 proposuit
709 2439 839 2507 serium
864 2461 1065 2506 sermonem
1097 2435 1269 2526 cognatis,

265 2543 345 2641 ‘qui
361 2567 441 2612 eum
459 2542 718 2634 sequebantur;
746 2540 903 2634 quicum
921 2539 1155 2611 surrexissent
1170 2562 1188 2606 a
1215 2561 1269 2607 se·

281 2646 405 2723 dibus,
431 2642 579 2733 ingressi
594 2644 742 2711 domum
760 2642 900 2726 Peliae,
926 2643 977 2711 ibi
992 2653 1177 2711 steterunt.

384 2745 459 2815 Hos
472 2745 621 2814 audiens
638 2743 776 2829 Pelias,
800 2746 973 2835 processit
989 2744 1145 2815 obviam.
1185 2741 1268 2810 Pla·

282 2850 400 2920 cidum
417 2859 536 2918 autem
554 2871 756 2917 sermonem
774 2847 931 2930 stillans,
960 2848 1042 2916 iecit
1054 2849 1268 2916 fundamen·

281 2967 356 3022 tum
374 2951 574 3042 sapientum
592 2975 812 3019 sermonum.
866 2950 957 3041 (Str.
973 2949 1025 3042 7.)
1047 2949 1139 3019 Sunt
1152 2943 1269 3017 homi·

281 3080 368 3126 num
391 3066 530 3121 mentes
552 3053 747 3121 velociores
775 3052 821 3119 ad
849 3052 1070 3121 laudandum
1101 3052 1267 3120 dolosum

280 3158 420 3227 lucrum
435 3176 524 3245 prae
540 3153 695 3236 iustitia,
728 3152 930 3243 repentium
955 3166 1075 3222 tamen
1097 3156 1144 3221 ad
1168 3176 1268 3242 aspe-

280 3281 363 3327 rum
378 3267 459 3345 post
473 3255 601 3323 festum
611 3253 656 3345 ⁹).
707 3254 778 3324 Sed
796 3267 830 3322 et
845 3279 900 3322 me
919 3266 956 3322 et
967 3267 1002 3322 te
1025 3266 1169 3345 oportet
1191 3278 1270 3322 mo·

281 3361 448 3428 derantes
478 3355 587 3437 iram,
626 3354 804 3449 reliquum
837 3356 931 3425 vitae
962 3356 1111 3425 feliciter
1140 3370 1268 3426 texere.

282 3461 380 3531 llaec
400 3456 465 3526 tibi
487 3456 611 3527 scienti
635 3457 727 3528 dico.
793 3458 874 3527 Una
909 3459 1037 3528 bucula
1062 3457 1270 3527 materfuit

284 3557 438 3634 Cretheu
462 3572 497 3630 et
518 3559 723 3630 Salmoneo.
788 3560 863 3632 Nos
893 3586 979 3630 vero
1006 3561 1050 3630 ab
1071 3561 1142 3632 illis
1165 3561 1268 3630 tertia

283 3664 512 3759 generatione
530 3664 620 3751 orti,
645 3665 730 3735 solis
752 3663 873 3733 lumen
896 3665 1069 3734 videmus.
1121 3663 1271 3735 Abesset

283 3767 588 3850 autem't‘elicitas,
612 3768 641 3838 si
658 3767 755 3861 quod
771 3768 894 3835 odium
911 3778 1002 3838 esset
1023 3766 1118 3836 inter
1139 3791 1269 3859 cogna-

284 3885 340 3941 tos
363 3871 439 3940 sine
464 3871 614 3960 pudore.
676 3870 777 3960 (Aut.
794 3868 847 3961 7.)
873 3867 957 3939 Non
983 3871 1084 3938 decet
1107 3893 1174 3939 nos
1196 3871 1270 3961 gla-

859 315 983 390 Plllb.
1018 315 1131 391 MEL.
1166 314 1369 390 SCRIPTA
1400 310 1740 392 PHILOLOGICA.
1856 401 1858 404 ¹

1322 493 1404 574 dat,
1430 489 1496 558 tibi
1516 511 1603 557 vero
1624 488 1692 559 llos
1711 486 1911 580 pubertatis
1932 499 2064 580 turget.
2123 488 2232 561 Potes
2254 515 2321 562 au·

1322 606 1394 662 tem
1412 592 1552 660 asslerre
1568 591 1659 659 iram
1677 592 1900 662 terrestrium
1926 594 2159 664 daemonum.
2215 591 2321 665 lubet

1323 695 1418 764 enim
1434 690 1589 765 Phrixus
1604 693 1762 762 animam
1781 718 1883 765 suam
1901 695 2023 764 reduci
2039 717 2105 785 per
2118 718 2206 779 vos,
2232 720 2320 788 pro·

1321 794 1515 868 ficiscentei
1538 798 1582 864 ad
1598 793 1731 865 Aeetae
1746 792 1944 868 thalamos:
1979 801 2015 866 et
2037 797 2168 888 pellem
2194 800 2320 872 arietis

1322 895 1519 982 advehere,
1554 898 1615 991 qui
1640 923 1682 968 ex
1702 899 1822 969 Ponto
1846 911 2007 971 servatus
2029 912 2084 970 est
2104 901 2198 994 (ser.
2212 901 2267 996 8.)
2293 927 2317 974 a

1321 1025 1497 1072 novercae
1513 1000 1634 1092 impiis
1649 1002 1738 1072 telis.
1791 1001 1889 1071 Haec
1914 997 2004 1071 mihi
2026 1003 2162 1094 species
2181 1005 2318 1074 somnii

1321 1105 1487 1197 imperat.
1554 1101 1777 1192 Interrogavi
1808 1117 1926 1174 autem
1955 1106 2140 1176 oraculum
2164 1103 2316 1199 Delphi·

1322 1232 1425 1303 cum,
1449 1230 1496 1277 an
1513 1206 1573 1273 illa
1599 1229 1656 1277 res
1679 1207 1842 1297 indagari
1866 1209 1990 1299 possit.
2039 1207 2091 1301 At,
2102 1208 2232 1301 Apollo
2256 1235 2314 1281 ce·

1320 1309 1465 1380 lerrime
1487 1322 1523 1377 te
1543 1308 1642 1377 iubet
1674 1309 1796 1378 navim
1830 1310 2006 1380 fabricare
2041 1311 2087 1379 ad
2119 1314 2316 1404 prosectio-

1320 1437 1415 1484 nem.
1481 1410 1561 1479 Hoc
1582 1424 1764 1481 certamen
1786 1413 2009 1483 voluntarius
2034 1414 2200 1507 suscipio.
2261 1416 2315 1485 Ae

1320 1516 1421 1599 iuro,
1446 1538 1504 1583 me
1521 1537 1770 1585 concessurum
1787 1539 1881 1599 esse,
1907 1528 1950 1585 ut
1968 1516 2065 1585 solus
2087 1540 2239 1608 regnum
2262 1530 2316 1588 te·

1319 1641 1416 1689 neas.
1484 1613 1638 1707 lupiter,
1673 1631 1779 1686 autor
1803 1618 1942 1708 generis
1959 1617 2096 1702 nostri,
2130 1620 2230 1690 testis
2252 1620 2312 1705 sit,

1319 1716 1388 1790 hoc
1401 1721 1644 1789 iuramentum
1665 1733 1784 1789 ratum
1800 1723 1890 1793 fore.

1420 1855 1523 1923 Hanc
1537 1853 1740 1947 pactionem
1764 1867 1890 1925 mutuo
1915 1880 2085 1928 concessu
2107 1859 2312 1950 approban-¹

1320 1972 1371 2033 tes
1387 1960 1635 2030 discesserunt.
1682 1957 1770 2027 Mox
1784 1955 1888 2029 Iason
1906 1956 2007 2052 (Ant.
2026 1960 2079 2058 8.)
2093 1959 2189 2031 misit
2205 1983 2308 2054 prae·

1320 2086 1456 2156 eones,
1471 2073 1512 2130 ut
1526 2059 1659 2153 ubique
1673 2061 1928 2130 denuntiarent
1945 2061 2144 2133 institutam
2164 2063 2310 2156 naviga-

1319 2166 1470 2235 tionem.
1536 2162 1617 2233 Cito
1652 2162 1760 2254 igitur
1792 2176 1864 2234 tres
1897 2163 1961 2233 filii
1994 2161 2088 2234 Iovis
2121 2177 2310 2250 venerunt,

1319 2267 1507 2348 Hercules',
1553 2264 1682 2334 Castor
1716 2278 1751 2335 et
1780 2265 1926 2337 Pollux:
1975 2279 2010 2336 et
2040 2266 2104 2335 filii
2133 2265 2309 2358 Neptuni,

1320 2395 1410 2465 quos
1424 2368 1582 2461 pudebat
1594 2391 1670 2437 non
1687 2367 1810 2437 venire
1827 2380 1975 2462 propter
1994 2369 2123 2453 robur,
2149 2367 2309 2464 Pericly-

1320 2497 1445 2543 menus
1462 2496 1503 2540 ex
1512 2470 1616 2564 Pylo,
1636 2465 1846 2563 Euphemus
1863 2498 1905 2543 ex
1914 2471 2101 2558 Taenaro,
2126 2465 2307 2564 Orpheus,

1319 2573 1496 2668 Apollinis
1512 2573 1617 2644 filius.

1422 2704 1503 2801 (Ep.
1521 2707 1573 2800 8.)
1599 2705 1701 2778 Misit
1716 2722 1751 2777 et
1765 2707 1987 2792 Mercurius,
2015 2722 2141 2797 tenens
2159 2732 2310 2780 aureum

1320 2814 1535 2895 caduceum,
1561 2812 1723 2901 geminos
1745 2812 1836 2882 filios
1862 2816 1908 2880 ad
1933 2835 2105 2900 magnum
2126 2811 2310 2883 laborem:

1320 2915 1383 3008 qui
1415 2914 1622 2984 deliciantes
1653 2914 1860 3004 pubertate,
1907 2925 1943 2982 et
1976 2907 2180 2982 habitantes
2213 2913 2311 2983 circe

1318 3017 1542 3098 Pancaeum,
1586 3017 1655 3084 cito
1688 3026 1874 3084 venerunt.
1940 3012 2049 3084 Pater
2071 3013 2208 3084 Boreas
2235 3014 2311 3083 cito

1320 3120 1475 3189 armavit
1489 3119 1600 3187 Zeten
1615 3129 1650 3185 et
1665 3113 1810 3202 Calain,
1835 3111 2022 3187 horrentes
2036 3115 2229 3208 purpureis
2244 3116 2312 3187 alis

1320 3222 1359 3291 in
1376 3236 1489 3314 tergo.
1968 3284 1971 3289 .

1420 3338 1510 3410 luno
1528 3338 1672 3408 veroin
1687 3338 1855 3410 omnibus
1869 3335 2039 3410 heroibus
2063 3339 2226 3409 accendit
2247 3340 2311 3409 de·

1320 3443 1491 3515 siderium
1517 3440 1609 3535 (Str.
1627 3440 1681 3538 9.)
1703 3441 1824 3525 navis,
1858 3467 1904 3511 ne
1933 3443 2013 3536 quis
2035 3444 2132 3534 apud
2154 3453 2307 3511 matrem

1319 3546 1463 3617 relictus
1478 3556 1660 3628 maneret,
1685 3568 1843 3638 coquens
1859 3557 2012 3614 aetatem
2028 3545 2104 3614 sine
2127 3544 2307 3636 periculo:

1319 3651 1382 3720 sed
1400 3650 1505 3719 vellet
1522 3647 1684 3716 invenire
1699 3647 1842 3717 virtutis
1856 3643 2090 3740 pharmacum
2106 3660 2191 3740 pust
2211 3667 2309 3714 mor·

1321 3764 1392 3821 tem
1408 3776 1489 3822 cum
1506 3751 1623 3822 sociis.

1421 3872 1619 3964 Postquam
1647 3869 1757 3960 igitur
1779 3868 1815 3936 in
1839 3865 1974 3938 Iolcum
1996 3869 2163 3961 pervenit
2180 3880 2309 3939 nauta·

283 3972 352 4042 diis
368 3971 658 4054 vulnerantibus,
683 3994 800 4064 neque
817 3971 953 4061 sagittis
975 3971 1193 4062 patrimonia
1217 3972 1270 4050 di·
1319 3997 1401 4043 rum
1417 3974 1502 4057 llos,
1529 3972 1633 4043 lason
1651 3996 1775 4042 omnes
1789 3972 1940 4041 laudans
1960 3973 2149 4044 recensuit.
2200 3970 2311 4042 Vates

35 4078 40 4090 '
165 4135 173 4150 ,
283 4073 417 4142 videre.
455 4071 637 4165 Relinquo
651 4072 715 4143 tibi
731 4075 896 4164 pecudes,
921 4087 955 4143 et
969 4075 1079 4144 boum
1095 4089 1270 4158 armenta,
1321 4099 1408 4145 vero
1425 4075 1573 4168 Mopsus
1592 4077 1786 4146 exercitum
1803 4075 1992 4144 collocavit
2011 4074 2050 4142 in
2071 4075 2212 4155 navim,
2245 4096 2311 4142 au·

284 4186 319 4245 et
334 4195 450 4266 agros,
477 4198 567 4266 quos
584 4175 758 4246 abstulisti
775 4176 865 4245 meis
879 4178 1100 4267 parentibus,
1127 4191 1163 4247 et
1176 4179 1271 4248 frue-
1320 4179 1432 4270 guriis
1454 4193 1490 4249 et
1510 4180 1678 4251 sortibus.
1740 4177 1893 4247 Ancoris
1917 4190 2035 4247 autem
2058 4173 2234 4267 suspensis
2259 4176 2309 4242 ad

235 4343 241 4353 ,
283 4277 334 4347 ris
364 4276 435 4358 eis,
474 4277 616 4348 divitias
649 4279 846 4349 cumulans.
914 4279 989 4351 Nec
1019 4304 1076 4349 me
1109 4282 1269 4351 cruciant
1320 4295 1498 4366 rostrum,
1539 4280 1638 4376 (Ans.
1654 4277 1708 4373 9.)
1734 4280 1805 4347 dux
1826 4292 1968 4371 accepta
1993 4275 2113 4373 phiala
2133 4279 2172 4346 in
2192 4276 2311 4370 puppi

282 4375 390 4463 haec,
416 4390 514 4448 tuam
537 4382 684 4451 domum
708 4381 888 4473 augentia.
939 4384 1008 4453 Sed
1030 4398 1208 4476 sceptrum
1236 4396 1273 4454 et
1322 4384 1514 4455 invocabat
1534 4382 1655 4451 lovem
1680 4392 1715 4448 et
1740 4393 1885 4465 ventos,
1919 4395 1954 4450 et
1975 4396 2117 4466 noctes,
2149 4392 2185 4451 et
2205 4380 2313 4473 ponti

283 4477 455 4565 thronus,
488 4482 545 4550 cui
566 4483 723 4555 insidens
740 4485 826 4552 olim
845 4485 984 4569 Aeson,
1008 4484 1271 4570 Cretheililius,
1321 4487 1416 4570 vias,
1442 4499 1479 4555 et
1492 4489 1604 4554 laetos
1620 4484 1693 4552 dies
1708 4495 1744 4550 et
1762 4484 1900 4552 felicem
1917 4485 2086 4557 reditum.
2137 4482 2192 4554 Ex
2207 4483 2313 4553 nubi-

281 4584 394 4654 dabat
407 4584 484 4653 iura
501 4586 655 4677 equestri
665 4586 711 4683 1’)
730 4589 884 4678 populo;
910 4584 999 4658 haec
1013 4589 1143 4658 solvito
1166 4589 1271 4659 nobis
1321 4591 1387 4660 bus
1404 4613 1490 4658 vero
1504 4586 1626 4659 sonuit
1640 4587 1793 4656 laustum
1811 4587 1968 4671 tonitru,
1994 4601 2172 4658 venerunt
2194 4598 2230 4655 et
2250 4608 2314 4654 ra-

282 4686 360 4756 sine
384 4687 569 4756 communi
591 4689 737 4773 dolore,
777 4692 856 4783 (Ep.
871 4687 923 4787 7.)
951 4716 996 4760 ue
1019 4693 1116 4784 quod
1134 4692 1268 4760 malurn
1322 4693 1374 4762 dii
1388 4693 1547 4783 fulguris.
1600 4688 1736 4758 Heroes
1755 4713 1841 4758 vero
1857 4689 1948 4758 moti
1962 4690 2073 4783 signis
2088 4689 2232 4772 divinis,
2256 4711 2314 4757 re-

282 4788 367 4858 inde
392 4789 532 4858 excites.
1322 4795 1555 4888 spirationem
1590 4792 1713 4862 sistere
1748 4804 1952 4884 coeperant.
2017 4794 2099 4888 (Bp.
2122 4792 2176 4886 9.)
2203 4789 2313 4861 Vates

384 4890 442 4960 Sic
472 4889 702 4966 dixitlason.
761 4893 906 4964 Placide
938 4906 1058 4964 autem
1086 4897 1272 4987 respondit
1323 4910 1441 4968 autem
1453 4896 1499 4995 ¹¹)
1521 4894 1754 4988 praeconium
1779 4895 1881 4979 fecit,
1913 4907 1956 4965 ut
1977 4920 2096 4966 remos
2122 4895 2315 4987 agitarent,

281 4990 418 5063 Pelias:
451 4992 526 5062 Ero
544 4995 643 5079 talis,
677 4997 740 5066 sed
762 4996 833 5067 iam
858 5020 915 5065 me
937 5010 1098 5068 senectus
1121 4999 1271 5069 circum·
1322 5000 1442 5071 dulces
1456 5024 1536 5091 spes
1558 4997 1732 5069 indicans.
1784 4996 1988 5090 Remigatio
2012 4999 2122 5090 igitur
2141 4984 2316 5089 procedet

1321 5103 1384 5173 bat
1398 5103 1583 5173 indelessa.
1638 5098 1800 5194 Cumque
1816 5101 1939 5171 Austri
1959 5101 2047 5172 flatu
2069 5111 2316 5193 pervenerunt

317 5227 569 5360 mppppthrtsus'tnun]
596 5223 1091 5302 steno.tsse(1²tst.tntsssr);
1123 5232 1271 5297 mm
1322 5207 1369 5275 ad
1393 5207 1524 5276 ostium
1545 5202 1649 5296 ponti
1663 5200 1815 5272 Euxini:
1847 5203 1898 5271 ibi
1919 5203 2088 5296 Neptuno
2114 5203 2317 5304 fundarunt

317 5404 367 5463 1⁰)
385 5403 446 5454 toro
464 5403 589 5466 equestri
609 5398 722 5468 populo]
742 5400 784 5453 sto
795 5403 845 5453 Ed.
859 5403 936 5454 1568.
953 5405 1003 5467 [tt.
1016 5407 1119 5471 steph,
1136 5406 1270 5462 boseth:

352 5472 529 5535 equestribus
548 5472 658 5535 populls
675 5472 738 5521 turs
753 5488 790 5517 =
805 5471 883 5523 Ptnd.
908 5469 1040 5533 ἱππόταις
1062 5475 1141 5538 λαοῖς
1164 5474 1271 5543 dtssts

348 5540 403 5589 ss.
420 5541 495 5591 1161.
514 5539 602 5590 asts:
628 5539 691 5590 turs
707 5540 848 5603 aqueum
864 5543 974 5605 populo.

282 5151 491 5165 *αι-

1360 5426 1409 5537 11)
1428 5472 1534 5533 sulen]
1558 5472 1601 5527 sio
1627 5469 1727 5534 scripsi
1745 5474 1796 5532 (=
1812 5470 1890 5524 rut.
1909 5467 1972 5537 d’Js
2007 5474 2093 5529 retu.
2114 5475 2209 5542 lm,
2236 5472 2314 5529 15⁸8.

1392 5542 1492 5593 uento
1509 5545 1639 5607 ωορκ
1665 5544 1765 5592 srtsn.
