4784 6256
172 298 248 375 ηε
431 352 435 359 .
638 268 654 331 ·'
750 239 1019 359 ramum.
1053 230 1676 357 30111111ιηιιιοωειοιιἱ
2139 274 2218 355 424

174 472 325 546 Necesse
356 474 410 534 est
443 463 568 556 itaque
597 481 766 549 megnam
804 458 1062 550 praestantiam
1094 480 1167 526 esse
1216 454 1360 547 legens,
1386 449 1526 533 dicens,
1552 447 1645 531 scio,
1665 446 1752 541 quid
1768 446 1886 537 legam
1903 444 1962 512 vel
1978 436 2111 518 dicam'.
2143 448 2221 522 Sed

171 596 310 665 apum,
349 567 412 639 sed
448 576 572 633 tamen
605 563 703 630 illam
737 562 1035 656 longinquitatem
1074 559 1168 626 vitae
1218 560 1324 627 bruta
1343 577 1417 622 non
1430 548 1566 621 habent
1589 563 1686 618 actus
1712 547 1884 631 reflexus,
1918 547 2055 618 faciunt
2068 550 2218 644 'impetu

179 677 290 745 etiarn
321 681 397 739 arte
428 677 662 747 conservant,
697 665 829 735 scilicet
851 664 1011 733 mirabili
1033 674 1169 752 tempe·
1223 661 1380 755 quodam
1397 680 1460 725 sua
1478 676 1600 745 opera.
1634 648 1723 742 Apis
1738 651 1824 719 facit
1837 672 1900 720 sua
1918 674 2048 742 opera,
2073 654 2220 727 nullum

180 777 323 855 tantia,
346 769 525 849 munditie
541 779 577 835 et
590 767 829 850 continentia,
863 767 946 860 quia
972 767 1061 834 adeo
1088 774 1171 833 sunt
1222 760 1332 831 habet
1355 769 1473 826 actum
1499 754 1689 837 reflexum,
1714 753 1800 822 lacit
1821 749 2071 845 hexagonum,
2099 769 2135 827 et
2154 784 2224 829 ne·

181 881 444 967 temperantes,
467 881 509 938 ut
523 869 630 937 etiam
646 890 792 938 voraces
815 869 980 959 puniant.
1032 865 1171 933 Deinde
1224 863 1301 945 scit,
1318 884 1363 928 an
1380 860 1489 928 faciat
1504 853 1749 949 hexagonum:
1775 855 1827 935 sic
1841 855 1927 926 facit
1941 859 2061 943 mella,
2085 884 2222 950 caerae,

143 1002 145 1007 ’
182 996 315 1066 magna
331 983 383 1041 est
398 970 611 1053 mundities,
639 972 722 1063 quia
741 973 778 1038 in
793 970 940 1039 alveolis
955 965 1047 1036 nihil
1072 991 1173 1057 repe·
1225 966 1375 1038 sednon
1392 961 1576 1031 diiudicat.
1629 958 1794 1028 Secundo
1812 961 1965 1050 pecudes
1981 973 2124 1033 tantum
2146 966 2222 1036 sin-

184 1080 278 1149 ritur
301 1072 482 1156 sordium,
523 1072 644 1141 omnia
664 1073 849 1140 immunda
873 1068 1048 1152 evehunt,
1084 1071 1173 1138 adeo
1226 1066 1363 1161 gularia
1381 1065 1693 1143 animadvertunt,
1717 1057 1883 1134 homines
1901 1064 2132 1139 universalia.

176 1192 227 1251 'ut
257 1176 365 1245 etiam
400 1198 463 1243 sua
497 1187 721 1241 excrementa
752 1174 791 1240 in
813 1174 1030 1264 peculiarem
1054 1173 1173 1240 locum
1327 1166 1388 1237 Vs.
1403 1167 1490 1240 220.
1524 1163 1693 1254 Haustus]
1721 1163 1878 1257 Quidam
1905 1166 2073 1237 dixerunt
2096 1170 2226 1240 omnia·

189 1272 407 1352 convehant.
1228 1268 1426 1339 animantia
1449 1292 1576 1358 rapere
1601 1265 1736 1360 aliquid
1763 1291 1805 1336 ex
1826 1282 1927 1354 aere,
1960 1269 2024 1365 qui
2048 1271 2094 1342 sit
2116 1273 2221 1366 quid:

288 1377 350 1448 Vs.
371 1375 458 1448 208.
498 1368 706 1469 Immortale]
748 1374 951 1468 Quotannis
984 1383 1177 1465 procreant
1228 1376 1311 1442 dam
1329 1370 1491 1440 divinum
1507 1370 1698 1438 infundens
1714 1368 1905 1442 rationem.
1957 1372 2027 1441 Sed
2041 1396 2106 1444 vos
2123 1375 2220 1445 scitis

191 1482 300 1564 alias,
326 1478 410 1572 quia
426 1487 579 1566 pereunt
592 1476 714 1545 multis
737 1478 872 1560 modis,
898 1489 1051 1568 pereunt
1070 1475 1178 1564 frigo-
1229 1476 1289 1542 illa
1317 1498 1390 1543 esse
1419 1473 1533 1541 aliena
1564 1495 1583 1538 a
1618 1468 2030 1559 doetrina'Christiana,
2072 1487 2109 1544 et
2133 1498 2223 1545 vera

128 1614 137 1628 ’
190 1585 311 1665 ribus,
356 1579 554 1659 caloribus,
593 1577 857 1647 interficiuntur
884 1581 929 1647 ab
961 1575 1179 1646 hominihus.
1229 1570 1469 1668 philosophia.
1521 1572 1587 1643 Est
1602 1567 1796 1643 absurdum
1822 1574 1938 1646 dicere
1962 1590 2119 1646 mentem
2144 1603 2220 1647 esse

191 1685 295 1756 Hanc
317 1680 367 1751 eis
387 1678 538 1769 gratiam
561 1678 783 1749 reddidimus
805 1704 874 1770 pro
904 1679 1179 1749 mellificatione.
1232 1692 1346 1749 ortam
1364 1701 1405 1744 ex
1423 1676 1540 1769 aliqua
1559 1676 1737 1766 corporali
1754 1690 1897 1761 natura,
1922 1678 2052 1749 scilicet
2068 1704 2111 1749 ex
2125 1696 2219 1752 aere.

194 1787 253 1858 Sic
264 1784 477 1876 plerumque
491 1777 655 1850 homines
670 1781 800 1871 ingrati
821 1796 904 1851 sunt
925 1806 1007 1872 erga
1029 1803 1190 1870 magnos
1331 1777 1393 1847 Vs.
1409 1779 1496 1850 221.
1523 1776 1647 1870 Decem]
1675 1777 1709 1844 id
1728 1788 1798 1862 est,
1831 1795 1961 1853 aerem.

196 1890 296 1959 viros
324 1887 368 1953 de
391 1882 583 1972 republica
614 1883 872 1970 benemeritos,
912 1897 953 1954 ut
979 1884 1180 1974 exemplum
1333 1879 1394 1950 Vs.
1410 1878 1497 1954 224.
1521 1880 1721 1970 Arcessere]
1746 1881 1804 1950 Ab
1825 1886 1889 1967 ed,
1920 1894 1954 1950 et
1969 1903 1989 1949 a
2006 1881 2116 1949 verbo
2133 1884 2217 1965 cieo,

196 1985 450 2061 Themistoclis
469 1996 629 2053 testatur.
1097 1978 1103 1993 ’
1232 1983 1269 2052 id
1298 1994 1368 2066 est,
1410 1986 1566 2064 advoco,
1601 1981 1639 2048 id
1665 1994 1736 2066 est,
1777 1978 1861 2052 hinc
1890 1979 2059 2053 hauriunt
2087 1982 2218 2052 vitam.

298 2088 360 2160 Vs.
372 2087 459 2160 210.
491 2090 674 2156 Praeterea
691 2082 817 2184 repent]
849 2085 903 2154 De
925 2084 1127 2155 obedientia
1147 2095 1182 2152 et
1233 2086 1415 2176 Scriptura
1436 2109 1534 2155 sacra
1551 2083 1737 2153 manifeste
1754 2086 1921 2156 discernit
1933 2082 2122 2154 hominum
2141 2084 2223 2151 ani-

196 2191 333 2262 iustitia
350 2213 478 2280 apum,
503 2190 599 2278 apud
612 2187 886 2281 Xenophontem
911 2187 1029 2281 iuquit
1052 2187 1111 2255 ille
1137 2188 1182 2254 ad
1234 2210 1344 2257 masa
1361 2187 1645 2278 vitapecudum,
1671 2186 1761 2257 sicut
1775 2187 1944 2285 textus¹⁴)
1961 2186 2096 2282 inquit:
2131 2184 2224 2255 Cor-

199 2293 334 2386 Cyrum
343 2319 355 2360 :·
377 2291 437 2358 Tu
453 2313 488 2359 es
502 2301 632 2357 natura
649 2313 731 2374 rex,
757 2292 846 2361 sicut
860 2315 923 2358 rex
943 2314 1072 2380 apum,
1099 2288 1182 2382 quia
1233 2289 1476 2382 pustoccidere
1490 2299 1652 2380 possunt,
1676 2290 1833 2360 animam
1850 2316 1926 2359 non
1941 2299 2099 2383 possunt.
2128 2285 2220 2355 Item

199 2392 366 2475 homines
382 2390 446 2459 tibi
461 2390 612 2459 libenter
626 2404 661 2460 et
674 2407 801 2483 sponte
817 2395 1076 2484 obtemperant.
1112 2391 1184 2458 Ta·
1235 2389 1676 2485 Christusloquitur'cum
1700 2392 1856 2463 Mosein
1870 2388 2220 2486 monteTabur¹⁴⁸),

199 2498 250 2566 les
265 2507 348 2565 sunt
361 2490 496 2562 heroici
516 2492 605 2576 viri,
633 2519 723 2587 quos
744 2509 871 2587 sponte
895 2508 1093 2589 sequuntur
1118 2488 1184 2561 ho·
1236 2508 1271 2564 et
1287 2510 1407 2564 tamen
1423 2492 1542 2564 Moses
1559 2493 1620 2562 diu
1637 2506 1712 2562 erat
1727 2497 1903 2588 sepultus:
1930 2520 2015 2588 ergo
2032 2493 2149 2562 anima
2166 2502 2222 2562 est

199 2598 335 2681 mines,
361 2608 396 2664 et
412 2596 551 2664 labores
565 2608 648 2664 sunt
666 2596 805 2680 dulces,
828 2594 962 2666 habeut
984 2599 1092 2665 etiam
1107 2620 1184 2665 suc·
1235 2595 1442 2690 separabilis
1473 2596 1620 2690 quidam
1659 2598 1805 2690 spiritus
1843 2622 1863 2667 a
1902 2621 2053 2691 corpore
2086 2594 2223 2666 vivens.

200 2724 317 2770 cessus
347 2697 548 2780 mirabiles,
590 2697 654 2790 qui
684 2698 760 2768 sine
789 2700 859 2770 illis
888 2695 1057 2768 heroibus
1082 2698 1184 2766 nullo
1236 2700 1339 2769 Talia
1370 2698 1572 2768 testimonia
1606 2713 1691 2770 sunt
1720 2702 1954 2771 observanda.
2019 2698 2130 2793 Quod
2160 2720 2224 2765 au-

200 2804 310 2871 modo
341 2799 601 2889 contingerent.
669 2799 768 2872 Sicut
798 2803 953 2871 extincto
979 2802 1184 2872 Alexandro
1236 2815 1308 2872 tem
1325 2801 1567 2873 animantibus
1584 2813 1667 2872 sunt
1681 2802 1871 2894 impressae
1895 2802 2071 2894 quaedam
2095 2797 2226 2889 imagi-

202 2903 374 2974 exercitus
390 2902 501 2992 ipsius
515 2898 607 2970 nihil
622 2918 744 2987 eraut,
777 2907 838 2974 sed
855 2905 1006 2989 similes,
1030 2916 1077 2991 ut
1091 2902 1186 2971 Dea·
1234 2930 1298 2976 nes
1314 2915 1348 2973 et
1364 2903 1614 2975 similitudines
1630 2903 1849 2986 animarum,
1876 2902 2028 2972 sciamus
2048 2899 2228 2988 simplici-

201 3010 263 3079 des
278 3006 369 3076 dixit
381 2999 607 3095 Polyphemo
625 3006 729 3075 oculo
746 3006 888 3076 amisso.
1236 3022 1291 3078 ter
1307 3030 1380 3076 esse
1401 3006 1501 3097 signa
1522 3019 1557 3078 et
1579 3006 1737 3097 exempla
1760 3004 1933 3073 mirabilis
1954 3001 2050 3071 illius
2074 2999 2229 3091 opilicii,

303 3106 365 3176 Vs.
382 3105 470 3176 211.
503 3108 576 3173 Neo
595 3108 710 3193 populi
732 3109 953 3198 Parthorum]
978 3105 1019 3175 In
1037 3106 1186 3175 Oriente
1238 3133 1329 3205 quae
1346 3120 1520 3179 testantur
1535 3109 1708 3179 mundum
1723 3132 1798 3177 non
1816 3105 1969 3177 extitisse
1987 3126 2083 3173 casu.

132 3254 135 3265 ι
202 3231 333 3297 magua
359 3230 416 3276 res
440 3205 629 3295 tristegia
654 3218 822 3296 potestas.
888 3209 988 3278 'l'alis
1009 3232 1084 3275 non
1110 3221 1186 3276 erat
1338 3210 1399 3281 Vs.
1422 3214 1508 3286 228.
1549 3216 1594 3286 Si
1614 3212 1762 3306 quando]
1792 3209 1924 3293 idest,
1957 3206 2104 3302 quando
2126 3203 2225 3272 voles

203 3311 364 3390 Romae,
405 3306 456 3375 ibi
486 3306 655 3375 volebant
685 3308 799 3376 videri
828 3309 977 3379 studiosi
1002 3310 1186 3379 libertatis.
1238 3314 1390 3383 eximere
1416 3317 1534 3385 mella.
1587 3313 1749 3382 Mellatio
1772 3312 1913 3383 dicitur.
2022 3306 2161 3398 Sedent]
2186 3304 2225 3372 id

110 3446 118 3453 ·
203 3410 396 3503 Hydaspes]
421 3408 567 3477 Fluvltls
582 3409 620 3476 ln
636 3407 769 3478 Media.
1240 3431 1312 3504 est²
1339 3416 1508 3487 alveolos,

310 3510 367 3583 Vs.
380 3511 468 3585 212.
510 3512 599 3602 ΒΨ
630 3512 807 3602 incolitur]
839 3507 1085 3581 Pulcherrima
1109 3538 1188 3581 sen·
1339 3518 1501 3594 Vs.229.
1527 3518 1680 3610 ltellnes]
1705 3516 1829 3602 idest,
1862 3512 2021 3606 aperies,
2051 3509 2225 3592 recludes,

204 3612 329 3685 tentia.
381 3613 438 3684 sic
453 3613 594 3682 vivente
608 3615 812 3684 Alexandro
829 3626 905 3681 erat
924 3639 1072 3684 concors
1092 3639 1189 3684 exer·
1238 3624 1444 3716 resignabis.
2111 3616 2114 3621 ¹

205 3716 314 3801 citus,
354 3727 392 3787 et
420 3736 550 3809 magua
584 3718 749 3807 voluptas
770 3729 848 3785 erat
867 3715 918 3786 eis
943 3714 1086 3786 obedire
1106 3719 1188 3788 Ale·
1339 3723 1401 3793 Vs.
1417 3723 1504 3797 250.
1532 3719 1652 3819 Oret)
1662 3720 1752 3811 fote]
1780 3719 1912 3803 idest,
1938 3737 2062 3808 exspue
2087 3732 2222 3805 aquam

205 3821 357 3890 xaudro.
1239 3830 1279 3898 iu
1300 3827 1477 3909 alveolos,
1511 3811 1551 3896 ut
1573 3849 1657 3916 apes
1679 3824 1836 3915 fugiant,
1868 3820 2079 3916 quintaegre
2101 3814 2228 3882 lerunt

308 3919 370 3989 Vs.
388 3915 476 3993 216.
516 3923 738 4006 uesperum
760 3924 884 4013 runos]
925 3920 1002 3990 Rex
1029 3945 1105 3989 non
1138 3934 1190 3991 est
1242 3930 1330 4022 eripi
1347 3929 1414 4000 sibi
1432 3929 1519 3998 illud
1535 3952 1636 3999 suum
1654 3951 1763 4018 opus,
1790 3918 2000 3994 sicutdebet
2023 3920 2137 3988 iacere
2160 3916 2225 3983 bo·

208 4021 362 4103 01101111.
388 4021 642 4088 111111111111011
659 4020 735 4105 die,
762 4034 797 4090 11
818 4024 931 4106 videl,
962 4047 1009 4093 111
1030 4024 1189 4115 Singulae
1240 4060 1307 4105 uus
1320 4031 1585 4125 paterfamilias.
1625 4030 1672 4100 Et
1688 4029 1811 4099 dicunt
1824 4051 1907 4118 apes
1924 4025 2016 4095 circa
2032 4021 2121 4091 illud
2136 4031 2225 4086 tem-

205 4123 339 4192 faciant
353 4144 434 4189 suas
454 4144 594 4212 operas.
1240 4162 1324 4231 pus,
1356 4136 1502 4232 quando
1534 4133 1737 4204 eximuntur
1761 4129 1886 4213 mella,
1925 4125 2065 4197 avidius
2088 4143 2225 4213 rorare,

308 4221 369 4292 Vs.
392 4223 480 4295 219.
520 4227 586 4295 llis
615 4226 751 4318 quidam
778 4224 906 4315 signia]
944 4224 1120 4300 Excursus
1144 4231 1188 4297 de
1240 4267 1319 4312 cum
1335 4254 1456 4310 tamen
1474 4237 1609 4330 alioqui
1624 4237 1695 4306 sint
1710 4232 1949 4326 parcissimae.
2027 4221 2227 4321 Famesque]

208 4324 348 4409 anima,
372 4329 469 4396 unde
487 4325 782 4397 inanimantibus
802 4329 842 4395 fit
867 4333 1042 4421 quaedam
1065 4331 1189 4401 simili·
1239 4344 1361 4424 idest,
1387 4342 1442 4409 fac
1458 4341 1595 4408 sumum
1614 4339 1658 4404 ad
1674 4336 1847 4419 alveolos,
1869 4345 1904 4403 et
1919 4334 2019 4402 sumo
2034 4354 2094 4399 eas
2111 4328 2228 4416 abige.

208 4428 294 4495 tudo
318 4427 458 4498 animae
483 4429 689 4513 rationalis,
728 4432 772 4499 de
795 4454 866 4523 qua
890 4455 928 4499 re
951 4432 1045 4504 scitis
1076 4434 1186 4502 multa
1339 4441 1400 4511 Vs.
1415 4443 1501 4516 231.
1527 4438 1783 4531 Duotempora]
1805 4434 1867 4507 Bis
1890 4436 2098 4506 eximuntur
2117 4428 2228 4499 11111Ῑᾶ

207 4526 671 4623 disputariaphilosophis.
725 4531 822 4600 Deus
845 4532 974 4602 indidit
997 4535 1187 4604 animanti·
1238 4545 1277 4613 in
1290 4543 1468 4637 principio
1486 4541 1578 4611 veris
1594 4542 1627 4610 e't
1643 4542 1680 4609 in
1695 4553 1881 4611 autumno.

205 4630 271 4700 bus
294 4635 469 4725 quosdam
492 4632 644 4725 impetus
665 4633 741 4704 sine
765 4633 917 4717 iudicio,
958 4635 1033 4705 sine
1056 4637 1187 4726 cogita·
1339 4645 1399 4716 Vs,
1418 4645 1504 4719 232.
1540 4646 1701 4737 Taypete]
1727 4645 1764 4711 id
1789 4655 1859 4728 est,
1894 4640 2013 4710 Pleias
2037 4631 2226 4717 Arcadica,

207 4732 325 4816 tione,
352 4735 426 4804 siue
444 4735 604 4818 ratione,
639 4747 677 4804 ut
691 4735 729 4803 iu
743 4735 860 4828 equis,
887 4735 1052 4822 canibus,
1074 4739 1187 4807 leoni·
1238 4747 1321 4841 quia
1339 4745 1494 4818 Arcades
1507 4745 1616 4837 primi
1632 4749 1776 4816 suerunt
1790 4744 1940 4816 studiosi
1962 4766 2082 4812 rerum
2108 4734 2226 4805 coele·

206 4834 272 4904 bus
287 4846 322 4904 et
337 4837 449 4906 cervis
463 4837 584 4906 videre
599 4836 692 4908 licet.
733 4835 858 4929 Equus
871 4832 980 4905 habet
996 4863 1117 4911 sensus
1133 4842 1187 4910 iu·
1237 4848 1363 4933 stium,
1396 4852 1491 4919 unde
1517 4848 1622 4918 etiam
1646 4850 1813 4919 dicuntur
1833 4848 1939 4917 fuisse.
1964 4846 2101 4938 priores
2122 4840 2227 4908 luna.

207 4936 379 5022 10110118,
404 4932 512 5008 habel
528 4941 708 5034 (11111ὓᾶ1111
725 4938 1052 5025 111101103110111111,
1077 4966 1187 5033 118110·
1239 4954 1408 5041 Ostendit]
1433 4950 1641 5023 Orientibus
1662 4952 1866 5022 Pleiadibus
1890 4949 2040 5020 cosmice
2064 4946 2100 5012 in
2122 4939 2228 5010 blaio

206 5040 271 5107 scit
286 5034 412 5109 herum
429 5064 551 5126 suum,
577 5039 743 5112 meminit
757 5040 846 5111 loca.
897 5038 994 5111 Idem
1008 5044 1048 5112 lit
1070 5045 1108 5113 in
1131 5069 1186 5114 ca·
1235 5057 1329 5138 sere,
1370 5055 1454 5148 'quia
1479 5054 1548 5148 ipsi
1569 5055 1744 5126 maturius
1767 5054 1937 5126 eximunt,
2003 5050 2093 5123 Nam
2116 5042 2231 5113 citius

206 5139 312 5210 uibus
328 5154 362 5210 et
375 5143 549 5215 leonibus.
601 5144 697 5239 Quid
719 5141 828 5233 igitur
847 5144 992 5216 interest
1012 5147 1106 5216 iuter
1129 5172 1186 5216 co·
1236 5153 1369 5225 hahent
1383 5158 1457 5228 dies
1475 5158 1675 5228 calidiores,

207 5241 396 5332 gitationes
408 5245 486 5317 illas
502 5246 585 5342 equi
601 5259 636 5316 et
648 5243 828 5316 hominis?
853 5246 1079 5336 Respondeo.
1113 5248 1186 5319 llo·
1237 5280 1431 5292 ---

206 5344 322 5416 mines
337 5342 471 5419 habeut
484 5361 602 5420 actum
617 5348 808 5430 rellexum,
831 5348 937 5422 bruta
952 5373 1025 5419 non
1041 5348 1184 5421 habent.
1270 5352 1318 5408 ¹⁴)
1335 5350 1429 5399 natta.
1450 5350 1494 5410 ¹⁰2
1511 5350 1555 5402 ¹⁸·
1582 5350 1648 5400 ¹³⁰⁰·
1671 5347 1712 5407 ¹²2
1730 5349 1758 5396 ⁴·

128 5466 133 5475 ’
206 5442 379 5522 Homines
395 5452 554 5523 iudicant
567 5450 665 5518 illam
681 5472 781 5518 suam
798 5451 1060 5543 cogitationem.
1108 5454 1183 5545 Ego
1271 5412 1878 5551 119011111111111111111Ῡ1114111111οὲ
1894 5413 1962 5533 hie.
2077 5498 2081 5505 ·
