<?xml version="1.0" encoding="UTF-8"?>
<!DOCTYPE html PUBLIC "-//W3C//DTD XHTML 1.0 Transitional//EN"
    "http://www.w3.org/TR/xhtml1/DTD/xhtml1-transitional.dtd">
<html xmlns="http://www.w3.org/1999/xhtml" xml:lang="en" lang="en">
 <head>
  <title>
</title>
<meta http-equiv="Content-Type" content="text/html;charset=utf-8" />
  <meta name='ocr-system' content='tesseract 3.04.00' />
  <meta name='ocr-capabilities' content='ocr_page ocr_carea ocr_par ocr_line ocrx_word'/>
</head>
<body>
  <div class='ocr_page' id='page_1' title='image "./philippimelanth14melagoog_0215.png"; bbox 0 0 4778 6240; ppageno 0'>
   <div class='ocr_carea' id='block_1_1' title="bbox 55 278 2087 367">
    <p class='ocr_par' dir='ltr' id='par_1_1' title="bbox 55 278 2087 367">
     <span class='ocr_line' id='line_1_1' title="bbox 55 278 2087 367; baseline 0 -16"><span class='ocrx_word' id='word_1_1' title='bbox 55 292 132 366; x_wconf 72' lang='lat'><strong>«101</strong></span> <span class='ocrx_word' id='word_1_2' title='bbox 280 278 282 283; x_wconf 48' lang='lat'><strong><em>⁴</em></strong></span> <span class='ocrx_word' id='word_1_3' title='bbox 522 279 741 355; x_wconf 84' lang='lat' dir='ltr'><strong>LXXXVIII.</strong></span> <span class='ocrx_word' id='word_1_4' title='bbox 792 280 1075 355; x_wconf 78' lang='lat' dir='ltr'><strong>ENARRATIO</strong></span> <span class='ocrx_word' id='word_1_5' title='bbox 1108 279 1391 355; x_wconf 81' lang='lat' dir='ltr'><strong>GEORGICON</strong></span> <span class='ocrx_word' id='word_1_6' title='bbox 1421 279 1629 355; x_wconf 85' lang='lat' dir='ltr'><strong>VIRGlLll.</strong></span> <span class='ocrx_word' id='word_1_7' title='bbox 2011 288 2087 367; x_wconf 77' lang='lat'><strong>402</strong></span> 
     </span>
    </p>
   </div>
   <div class='ocr_carea' id='block_1_2' title="bbox 161 452 2082 546">
    <p class='ocr_par' dir='ltr' id='par_1_2' title="bbox 161 452 2082 546">
     <span class='ocr_line' id='line_1_2' title="bbox 161 452 2082 546; baseline 0.001 -21"><span class='ocrx_word' id='word_1_8' title='bbox 161 453 223 525; x_wconf 87' lang='lat' dir='ltr'><strong>Vs.</strong></span> <span class='ocrx_word' id='word_1_9' title='bbox 242 454 303 526; x_wconf 86' lang='grc'><strong>84.</strong></span> <span class='ocrx_word' id='word_1_10' title='bbox 330 461 435 527; x_wconf 81' lang='lat' dir='ltr'><strong>Stare</strong></span> <span class='ocrx_word' id='word_1_11' title='bbox 450 455 517 524; x_wconf 88' lang='lat' dir='ltr'><strong>loco</strong></span> <span class='ocrx_word' id='word_1_12' title='bbox 532 458 653 546; x_wconf 76' lang='lat' dir='ltr'><strong>nescit]</strong></span> <span class='ocrx_word' id='word_1_13' title='bbox 679 452 830 544; x_wconf 78' lang='lat' dir='ltr'>Egregia</span> <span class='ocrx_word' id='word_1_14' title='bbox 854 454 1046 544; x_wconf 76' lang='lat' dir='ltr'>descriptio</span> <span class='ocrx_word' id='word_1_15' title='bbox 1100 457 1138 522; x_wconf 93' lang='lat' dir='ltr'><strong>in</strong></span> <span class='ocrx_word' id='word_1_16' title='bbox 1151 454 1314 544; x_wconf 90' lang='lat' dir='ltr'><strong>proelio,</strong></span> <span class='ocrx_word' id='word_1_17' title='bbox 1339 455 1455 522; x_wconf 89' lang='lat' dir='ltr'><strong>victor</strong></span> <span class='ocrx_word' id='word_1_18' title='bbox 1468 455 1583 525; x_wconf 87' lang='lat' dir='ltr'><strong>voluit</strong></span> <span class='ocrx_word' id='word_1_19' title='bbox 1602 456 1837 522; x_wconf 83' lang='lat' dir='ltr'>conscendere</span> <span class='ocrx_word' id='word_1_20' title='bbox 1856 477 2007 545; x_wconf 88' lang='lat' dir='ltr'><strong>equum,</strong></span> <span class='ocrx_word' id='word_1_21' title='bbox 2033 461 2082 528; x_wconf 90' lang='lat' dir='ltr'><strong>ibi</strong></span> 
     </span>
    </p>
   </div>
   <div class='ocr_carea' id='block_1_3' title="bbox 56 556 2201 651">
    <p class='ocr_par' dir='ltr' id='par_1_3' title="bbox 56 556 2201 651">
     <span class='ocr_line' id='line_1_3' title="bbox 56 556 2201 651; baseline -0.002 -19"><span class='ocrx_word' id='word_1_22' title='bbox 56 559 244 632; x_wconf 89' lang='lat' dir='ltr'><strong>bellatoris</strong></span> <span class='ocrx_word' id='word_1_23' title='bbox 261 558 356 651; x_wconf 89' lang='lat' dir='ltr'><strong>equi.</strong></span> <span class='ocrx_word' id='word_1_24' title='bbox 1099 580 1211 649; x_wconf 90' lang='lat' dir='ltr'><strong>equus</strong></span> <span class='ocrx_word' id='word_1_25' title='bbox 1228 579 1309 624; x_wconf 91' lang='lat' dir='ltr'><strong>eum</strong></span> <span class='ocrx_word' id='word_1_26' title='bbox 1330 556 1483 648; x_wconf 91' lang='lat' dir='ltr'><strong>arripuit</strong></span> <span class='ocrx_word' id='word_1_27' title='bbox 1500 570 1535 624; x_wconf 91' lang='lat' dir='ltr'><strong>ct</strong></span> <span class='ocrx_word' id='word_1_28' title='bbox 1551 556 1768 625; x_wconf 72' lang='lat' dir='ltr'><strong>dilaceravit.</strong></span> <span class='ocrx_word' id='word_1_29' title='bbox 1864 558 1970 648; x_wconf 77' lang='lat' dir='ltr'><strong>lsrnc]</strong></span> <span class='ocrx_word' id='word_1_30' title='bbox 1995 559 2086 628; x_wconf 89' lang='lat' dir='ltr'><strong>scili-</strong></span> <span class='ocrx_word' id='word_1_31' title='bbox 2200 599 2201 602; x_wconf 61' lang='lat'><em>=</em></span> 
     </span>
    </p>
   </div>
   <div class='ocr_carea' id='block_1_4' title="bbox 24 657 2131 3194">
    <p class='ocr_par' dir='ltr' id='par_1_4' title="bbox 162 657 1326 748">
     <span class='ocr_line' id='line_1_4' title="bbox 162 657 1326 748; baseline -0.003 -20"><span class='ocrx_word' id='word_1_32' title='bbox 162 660 223 730; x_wconf 88' lang='lat' dir='ltr'><strong>Vs.</strong></span> <span class='ocrx_word' id='word_1_33' title='bbox 238 660 298 730; x_wconf 88' lang='grc'><strong>87.</strong></span> <span class='ocrx_word' id='word_1_34' title='bbox 325 665 374 730; x_wconf 78' lang='lat' dir='ltr'><strong>At</strong></span> <span class='ocrx_word' id='word_1_35' title='bbox 389 659 517 746; x_wconf 76' lang='lat' dir='ltr'><strong>duptea</strong></span> <span class='ocrx_word' id='word_1_36' title='bbox 532 659 664 747; x_wconf 74' lang='lat' dir='ltr'><strong>agitur]</strong></span> <span class='ocrx_word' id='word_1_37' title='bbox 691 658 768 727; x_wconf 92' lang='lat' dir='ltr'><strong>Hoc</strong></span> <span class='ocrx_word' id='word_1_38' title='bbox 791 669 844 727; x_wconf 90' lang='lat' dir='ltr'><strong>est</strong></span> <span class='ocrx_word' id='word_1_39' title='bbox 865 657 1045 748; x_wconf 89' lang='lat' dir='ltr'><strong>peculiare</strong></span> <span class='ocrx_word' id='word_1_40' title='bbox 1099 673 1152 727; x_wconf 91' lang='lat' dir='ltr'><strong>cet</strong></span> <span class='ocrx_word' id='word_1_41' title='bbox 1172 658 1326 726; x_wconf 91' lang='lat' dir='ltr'><strong>notabis.</strong></span> 
     </span>
    </p>

    <p class='ocr_par' dir='ltr' id='par_1_5' title="bbox 24 757 2085 859">
     <span class='ocr_line' id='line_1_5' title="bbox 24 757 2085 859; baseline 0 -26"><span class='ocrx_word' id='word_1_42' title='bbox 24 784 27 789; x_wconf 83' lang='lat'>&#39;</span> <span class='ocrx_word' id='word_1_43' title='bbox 59 765 230 859; x_wconf 89' lang='lat' dir='ltr'><strong>quiddam</strong></span> <span class='ocrx_word' id='word_1_44' title='bbox 245 761 283 828; x_wconf 92' lang='lat' dir='ltr'><strong>in</strong></span> <span class='ocrx_word' id='word_1_45' title='bbox 301 760 413 854; x_wconf 88' lang='lat' dir='ltr'><strong>equis.</strong></span> <span class='ocrx_word' id='word_1_46' title='bbox 464 757 504 826; x_wconf 94' lang='lat' dir='ltr'><strong>ln</strong></span> <span class='ocrx_word' id='word_1_47' title='bbox 521 760 606 830; x_wconf 89' lang='lat' dir='ltr'><strong>solis</strong></span> <span class='ocrx_word' id='word_1_48' title='bbox 621 761 723 853; x_wconf 90' lang='lat' dir='ltr'><strong>equis</strong></span> <span class='ocrx_word' id='word_1_49' title='bbox 748 774 800 830; x_wconf 91' lang='lat' dir='ltr'><strong>est</strong></span> <span class='ocrx_word' id='word_1_50' title='bbox 820 760 1046 827; x_wconf 86' lang='lat' dir='ltr'><strong>animadver·</strong></span> <span class='ocrx_word' id='word_1_51' title='bbox 1199 758 1259 828; x_wconf 89' lang='lat' dir='ltr'><strong>Vs.</strong></span> <span class='ocrx_word' id='word_1_52' title='bbox 1278 758 1363 828; x_wconf 93' lang='grc'><strong>103.</strong></span> <span class='ocrx_word' id='word_1_53' title='bbox 1395 762 1517 828; x_wconf 80' lang='lat' dir='ltr'><strong><em>Nonne</em></strong></span> <span class='ocrx_word' id='word_1_54' title='bbox 1537 763 1644 846; x_wconf 80' lang='lat' dir='ltr'><strong>videa]</strong></span> <span class='ocrx_word' id='word_1_55' title='bbox 1673 760 1802 842; x_wconf 91' lang='lat' dir='ltr'><strong>idest,</strong></span> <span class='ocrx_word' id='word_1_56' title='bbox 1838 782 1960 828; x_wconf 90' lang='lat' dir='ltr'><strong>nonne</strong></span> <span class='ocrx_word' id='word_1_57' title='bbox 1987 763 2085 833; x_wconf 79' lang='lat' dir='ltr'><strong>vides</strong></span> 
     </span>
    </p>

    <p class='ocr_par' dir='ltr' id='par_1_6' title="bbox 58 857 1770 955">
     <span class='ocr_line' id='line_1_6' title="bbox 58 857 1770 955; baseline -0.002 -18"><span class='ocrx_word' id='word_1_58' title='bbox 58 892 136 937; x_wconf 90' lang='lat' dir='ltr'><strong>sum</strong></span> <span class='ocrx_word' id='word_1_59' title='bbox 154 863 334 955; x_wconf 88' lang='lat' dir='ltr'><strong>duplicem</strong></span> <span class='ocrx_word' id='word_1_60' title='bbox 356 884 431 931; x_wconf 87' lang='lat' dir='ltr'><strong>esse</strong></span> <span class='ocrx_word' id='word_1_61' title='bbox 453 861 617 951; x_wconf 88' lang='lat' dir='ltr'><strong>spinam,</strong></span> <span class='ocrx_word' id='word_1_62' title='bbox 650 863 740 931; x_wconf 90' lang='lat' dir='ltr'><strong>sicut</strong></span> <span class='ocrx_word' id='word_1_63' title='bbox 763 862 814 931; x_wconf 92' lang='lat' dir='ltr'><strong>illi</strong></span> <span class='ocrx_word' id='word_1_64' title='bbox 837 857 926 929; x_wconf 93' lang='lat' dir='ltr'><strong>mihi</strong></span> <span class='ocrx_word' id='word_1_65' title='bbox 949 861 1045 929; x_wconf 85' lang='lat' dir='ltr'><strong>dixe·</strong></span> <span class='ocrx_word' id='word_1_66' title='bbox 1099 857 1187 930; x_wconf 84' lang='lat' dir='ltr'><strong>alios</strong></span> <span class='ocrx_word' id='word_1_67' title='bbox 1204 884 1315 953; x_wconf 88' lang='lat' dir='ltr'><strong>equos</strong></span> <span class='ocrx_word' id='word_1_68' title='bbox 1330 860 1408 928; x_wconf 89' lang='lat' dir='ltr'><strong>aliis</strong></span> <span class='ocrx_word' id='word_1_69' title='bbox 1426 884 1499 928; x_wconf 88' lang='lat' dir='ltr'><strong>csse</strong></span> <span class='ocrx_word' id='word_1_70' title='bbox 1514 861 1770 950; x_wconf 87' lang='lat' dir='ltr'><strong>generosiores.</strong></span> 
     </span>
    </p>

    <p class='ocr_par' dir='ltr' id='par_1_7' title="bbox 56 959 1837 1059">
     <span class='ocr_line' id='line_1_7' title="bbox 56 959 1837 1059; baseline -0.004 -22"><span class='ocrx_word' id='word_1_71' title='bbox 56 980 163 1051; x_wconf 86' lang='lat' dir='ltr'><strong>runt,</strong></span> <span class='ocrx_word' id='word_1_72' title='bbox 191 966 255 1059; x_wconf 91' lang='lat' dir='ltr'><strong>qui</strong></span> <span class='ocrx_word' id='word_1_73' title='bbox 272 967 566 1034; x_wconf 89' lang='lat' dir='ltr'><strong>observaverunt.</strong></span> <span class='ocrx_word' id='word_1_74' title='bbox 618 963 786 1033; x_wconf 82' lang='lat' dir='ltr'><strong>Meminit</strong></span> <span class='ocrx_word' id='word_1_75' title='bbox 809 965 916 1032; x_wconf 91' lang='lat' dir='ltr'><strong>etiam</strong></span> <span class='ocrx_word' id='word_1_76' title='bbox 939 959 1045 1031; x_wconf 88' lang='lat' dir='ltr'><strong>buius</strong></span> <span class='ocrx_word' id='word_1_77' title='bbox 1198 961 1261 1032; x_wconf 88' lang='lat' dir='ltr'><strong>Vs.</strong></span> <span class='ocrx_word' id='word_1_78' title='bbox 1283 960 1367 1032; x_wconf 89' lang='grc'><strong>104.</strong></span> <span class='ocrx_word' id='word_1_79' title='bbox 1396 965 1553 1054; x_wconf 82' lang='lat' dir='ltr'><strong>Currere]</strong></span> <span class='ocrx_word' id='word_1_80' title='bbox 1581 965 1703 1046; x_wconf 90' lang='lat' dir='ltr'><strong>idest,</strong></span> <span class='ocrx_word' id='word_1_81' title='bbox 1730 974 1837 1031; x_wconf 89' lang='lat' dir='ltr'><strong>meta.</strong></span> 
     </span>
    </p>

    <p class='ocr_par' dir='ltr' id='par_1_8' title="bbox 57 1059 1991 1160">
     <span class='ocr_line' id='line_1_8' title="bbox 57 1059 1991 1160; baseline -0.003 -21"><span class='ocrx_word' id='word_1_82' title='bbox 57 1065 371 1160; x_wconf 80' lang='lat' dir='ltr'><strong>reiOppianus⁸)‚</strong></span> <span class='ocrx_word' id='word_1_83' title='bbox 398 1088 478 1133; x_wconf 92' lang='lat' dir='ltr'><strong>cum</strong></span> <span class='ocrx_word' id='word_1_84' title='bbox 496 1065 631 1158; x_wconf 91' lang='lat' dir='ltr'><strong>inquit:</strong></span> <span class='ocrx_word' id='word_1_85' title='bbox 664 1062 728 1136; x_wconf 78' lang='grc' dir='ltr'><strong>καὶ</strong></span> <span class='ocrx_word' id='word_1_86' title='bbox 751 1059 854 1159; x_wconf 80' lang='grc' dir='ltr'><strong><em>ῥάχις</em></strong></span> <span class='ocrx_word' id='word_1_87' title='bbox 877 1060 1046 1159; x_wconf 78' lang='grc' dir='ltr'><em>ἀμφίδυ-</em></span> <span class='ocrx_word' id='word_1_88' title='bbox 1200 1064 1262 1134; x_wconf 88' lang='lat' dir='ltr'><strong>Vs.</strong></span> <span class='ocrx_word' id='word_1_89' title='bbox 1282 1063 1366 1135; x_wconf 89' lang='grc'><strong>106.</strong></span> <span class='ocrx_word' id='word_1_90' title='bbox 1392 1066 1544 1155; x_wconf 80' lang='lat' dir='ltr'><strong>Instant]</strong></span> <span class='ocrx_word' id='word_1_91' title='bbox 1568 1067 1606 1133; x_wconf 90' lang='lat' dir='ltr'><strong>id</strong></span> <span class='ocrx_word' id='word_1_92' title='bbox 1625 1077 1693 1147; x_wconf 90' lang='lat' dir='ltr'><strong>est,</strong></span> <span class='ocrx_word' id='word_1_93' title='bbox 1721 1065 1855 1154; x_wconf 90' lang='lat' dir='ltr'><strong>agitant</strong></span> <span class='ocrx_word' id='word_1_94' title='bbox 1870 1087 1991 1156; x_wconf 90' lang='lat' dir='ltr'><strong>equos.</strong></span> 
     </span>
    </p>

    <p class='ocr_par' dir='ltr' id='par_1_9' title="bbox 56 1161 2083 1264">
     <span class='ocr_line' id='line_1_9' title="bbox 56 1161 2083 1264; baseline -0.004 -21"><span class='ocrx_word' id='word_1_95' title='bbox 56 1195 126 1264; x_wconf 86' lang='grc' dir='ltr'><strong>μος</strong></span> <span class='ocrx_word' id='word_1_96' title='bbox 141 1166 257 1263; x_wconf 78' lang='grc' dir='ltr'>μέσον</span> <span class='ocrx_word' id='word_1_97' title='bbox 271 1164 394 1260; x_wconf 74' lang='grc' dir='ltr'><strong><em>ἰσχίον</em></strong></span> <span class='ocrx_word' id='word_1_98' title='bbox 408 1161 705 1258; x_wconf 55' lang='lat' dir='ltr'><strong>ceutronum),</strong></span> <span class='ocrx_word' id='word_1_99' title='bbox 731 1168 768 1236; x_wconf 92' lang='lat' dir='ltr'><strong>id</strong></span> <span class='ocrx_word' id='word_1_100' title='bbox 783 1180 847 1248; x_wconf 89' lang='lat' dir='ltr'><strong>est,</strong></span> <span class='ocrx_word' id='word_1_101' title='bbox 873 1179 925 1236; x_wconf 90' lang='lat' dir='ltr'><strong>est</strong></span> <span class='ocrx_word' id='word_1_102' title='bbox 942 1167 1045 1257; x_wconf 87' lang='lat' dir='ltr'><strong>spina</strong></span> <span class='ocrx_word' id='word_1_103' title='bbox 1198 1166 1259 1234; x_wconf 83' lang='lat' dir='ltr'><strong>Vs.</strong></span> <span class='ocrx_word' id='word_1_104' title='bbox 1279 1168 1361 1235; x_wconf 91' lang='lat'><strong>111.</strong></span> <span class='ocrx_word' id='word_1_105' title='bbox 1395 1162 1550 1262; x_wconf 74' lang='lat' dir='ltr'><strong>spumis]</strong></span> <span class='ocrx_word' id='word_1_106' title='bbox 1577 1169 1612 1236; x_wconf 91' lang='lat' dir='ltr'><strong>id</strong></span> <span class='ocrx_word' id='word_1_107' title='bbox 1638 1179 1709 1251; x_wconf 88' lang='grc' dir='ltr'><strong>εει,</strong></span> <span class='ocrx_word' id='word_1_108' title='bbox 1743 1167 1801 1233; x_wconf 93' lang='lat' dir='ltr'><strong>ille</strong></span> <span class='ocrx_word' id='word_1_109' title='bbox 1828 1189 1950 1236; x_wconf 87' lang='lat' dir='ltr'><strong>cursus</strong></span> <span class='ocrx_word' id='word_1_110' title='bbox 1976 1167 2083 1235; x_wconf 81' lang='lat' dir='ltr'><strong>sudo-</strong></span> 
     </span>
    </p>

    <p class='ocr_par' dir='ltr' id='par_1_10' title="bbox 58 1264 1273 1363">
     <span class='ocr_line' id='line_1_10' title="bbox 58 1264 1273 1363; baseline -0.003 -22"><span class='ocrx_word' id='word_1_111' title='bbox 58 1273 190 1363; x_wconf 87' lang='lat' dir='ltr'><strong>duplex</strong></span> <span class='ocrx_word' id='word_1_112' title='bbox 216 1273 255 1339; x_wconf 92' lang='lat' dir='ltr'><strong>in</strong></span> <span class='ocrx_word' id='word_1_113' title='bbox 287 1269 406 1338; x_wconf 90' lang='lat' dir='ltr'><strong>medio</strong></span> <span class='ocrx_word' id='word_1_114' title='bbox 440 1292 545 1337; x_wconf 81' lang='lat' dir='ltr'>coxas</span> <span class='ocrx_word' id='word_1_115' title='bbox 568 1271 777 1358; x_wconf 77' lang='lat' dir='ltr'><strong>grandiores</strong></span> <span class='ocrx_word' id='word_1_116' title='bbox 799 1269 945 1338; x_wconf 81' lang='lat' dir='ltr'><strong>faciens.</strong></span> <span class='ocrx_word' id='word_1_117' title='bbox 1004 1264 1045 1335; x_wconf 94' lang='lat' dir='ltr'><strong>ln</strong></span> <span class='ocrx_word' id='word_1_118' title='bbox 1098 1290 1173 1335; x_wconf 87' lang='lat' dir='ltr'><strong>rern</strong></span> <span class='ocrx_word' id='word_1_119' title='bbox 1195 1268 1273 1338; x_wconf 90' lang='lat' dir='ltr'><strong>ciet.</strong></span> 
     </span>
    </p>

    <p class='ocr_par' dir='ltr' id='par_1_11' title="bbox 56 1367 2081 1463">
     <span class='ocr_line' id='line_1_11' title="bbox 56 1367 2081 1463; baseline -0.001 -21"><span class='ocrx_word' id='word_1_120' title='bbox 56 1369 351 1460; x_wconf 88' lang='lat' dir='ltr'><strong>bominecorpus</strong></span> <span class='ocrx_word' id='word_1_121' title='bbox 372 1384 425 1440; x_wconf 89' lang='grc' dir='ltr'><strong>εει</strong></span> <span class='ocrx_word' id='word_1_122' title='bbox 449 1371 558 1439; x_wconf 90' lang='lat' dir='ltr'><strong>veluti</strong></span> <span class='ocrx_word' id='word_1_123' title='bbox 585 1384 730 1440; x_wconf 89' lang='lat' dir='ltr'><strong>truncus</strong></span> <span class='ocrx_word' id='word_1_124' title='bbox 754 1367 952 1439; x_wconf 86' lang='lat' dir='ltr'><strong>adhaerens</strong></span> <span class='ocrx_word' id='word_1_125' title='bbox 974 1369 1045 1457; x_wconf 90' lang='lat' dir='ltr'><strong>spi·</strong></span> <span class='ocrx_word' id='word_1_126' title='bbox 1198 1368 1259 1438; x_wconf 86' lang='lat' dir='ltr'><strong>Vs.</strong></span> <span class='ocrx_word' id='word_1_127' title='bbox 1284 1370 1368 1438; x_wconf 83' lang='lat'><strong>113.</strong></span> <span class='ocrx_word' id='word_1_128' title='bbox 1411 1374 1551 1440; x_wconf 72' lang='lat' dir='ltr'><strong>Primru</strong></span> <span class='ocrx_word' id='word_1_129' title='bbox 1574 1371 1827 1463; x_wconf 73' lang='lat' dir='ltr'><strong>Erichthonius]</strong></span> <span class='ocrx_word' id='word_1_130' title='bbox 1861 1368 1926 1460; x_wconf 84' lang='lat' dir='ltr'><strong>De¹</strong></span> <span class='ocrx_word' id='word_1_131' title='bbox 1945 1369 2081 1463; x_wconf 90' lang='lat' dir='ltr'><strong>equita-</strong></span> 
     </span>
    </p>

    <p class='ocr_par' dir='ltr' id='par_1_12' title="bbox 56 1469 2080 1562">
     <span class='ocr_line' id='line_1_12' title="bbox 56 1469 2080 1562; baseline -0.002 -17"><span class='ocrx_word' id='word_1_132' title='bbox 56 1501 126 1545; x_wconf 89' lang='lat' dir='ltr'><strong>nae</strong></span> <span class='ocrx_word' id='word_1_133' title='bbox 149 1475 265 1556; x_wconf 91' lang='lat' dir='ltr'><strong>dorsi,</strong></span> <span class='ocrx_word' id='word_1_134' title='bbox 292 1486 326 1541; x_wconf 91' lang='lat' dir='ltr'><strong>et</strong></span> <span class='ocrx_word' id='word_1_135' title='bbox 348 1474 387 1539; x_wconf 90' lang='lat' dir='ltr'><strong>in</strong></span> <span class='ocrx_word' id='word_1_136' title='bbox 408 1474 509 1562; x_wconf 86' lang='lat' dir='ltr'><strong>spina</strong></span> <span class='ocrx_word' id='word_1_137' title='bbox 536 1473 634 1542; x_wconf 89' lang='lat' dir='ltr'><strong>dorsi</strong></span> <span class='ocrx_word' id='word_1_138' title='bbox 659 1486 711 1544; x_wconf 89' lang='grc' dir='ltr'><strong>εει</strong></span> <span class='ocrx_word' id='word_1_139' title='bbox 737 1473 892 1541; x_wconf 87' lang='lat' dir='ltr'><strong>medulla</strong></span> <span class='ocrx_word' id='word_1_140' title='bbox 918 1471 1044 1539; x_wconf 90' lang='lat' dir='ltr'><strong>similis</strong></span> <span class='ocrx_word' id='word_1_141' title='bbox 1097 1469 1196 1539; x_wconf 90' lang='lat' dir='ltr'><strong>tione</strong></span> <span class='ocrx_word' id='word_1_142' title='bbox 1221 1484 1256 1539; x_wconf 91' lang='lat' dir='ltr'><strong>et</strong></span> <span class='ocrx_word' id='word_1_143' title='bbox 1272 1471 1508 1559; x_wconf 82' lang='lat' dir='ltr'><strong>aurigatione.</strong></span> <span class='ocrx_word' id='word_1_144' title='bbox 1563 1471 1671 1561; x_wconf 84' lang='lat' dir='ltr'><strong>Quod</strong></span> <span class='ocrx_word' id='word_1_145' title='bbox 1691 1473 1777 1540; x_wconf 91' lang='lat' dir='ltr'><strong>dicit</strong></span> <span class='ocrx_word' id='word_1_146' title='bbox 1791 1469 2080 1555; x_wconf 84' lang='lat' dir='ltr'><strong>Erichthonium,</strong></span> 
     </span>
    </p>

    <p class='ocr_par' dir='ltr' id='par_1_13' title="bbox 58 1568 2082 1666">
     <span class='ocr_line' id='line_1_13' title="bbox 58 1568 2082 1666; baseline -0.001 -19"><span class='ocrx_word' id='word_1_147' title='bbox 58 1592 208 1647; x_wconf 89' lang='lat' dir='ltr'><strong>naturae</strong></span> <span class='ocrx_word' id='word_1_148' title='bbox 225 1575 495 1665; x_wconf 89' lang='lat' dir='ltr'><strong>cerebri,aqua</strong></span> <span class='ocrx_word' id='word_1_149' title='bbox 510 1575 664 1643; x_wconf 91' lang='lat' dir='ltr'><strong>medulla</strong></span> <span class='ocrx_word' id='word_1_150' title='bbox 681 1586 928 1666; x_wconf 90' lang='lat' dir='ltr'><strong>propagantur</strong></span> <span class='ocrx_word' id='word_1_151' title='bbox 942 1572 1046 1641; x_wconf 87' lang='lat' dir='ltr'><strong>nervi</strong></span> <span class='ocrx_word' id='word_1_152' title='bbox 1098 1573 1222 1641; x_wconf 91' lang='lat' dir='ltr'><strong>ducem</strong></span> <span class='ocrx_word' id='word_1_153' title='bbox 1245 1568 1520 1654; x_wconf 80' lang='lat' dir='ltr'><strong>Atheniensem,</strong></span> <span class='ocrx_word' id='word_1_154' title='bbox 1555 1585 1716 1641; x_wconf 90' lang='lat' dir='ltr'><strong>autorem</strong></span> <span class='ocrx_word' id='word_1_155' title='bbox 1740 1598 1813 1642; x_wconf 93' lang='lat' dir='ltr'><strong>esse</strong></span> <span class='ocrx_word' id='word_1_156' title='bbox 1837 1574 2082 1664; x_wconf 88' lang='lat' dir='ltr'><strong>aurigationis,</strong></span> 
     </span>
    </p>

    <p class='ocr_par' dir='ltr' id='par_1_14' title="bbox 57 1675 2131 1766">
     <span class='ocr_line' id='line_1_14' title="bbox 57 1675 2131 1766; baseline -0.002 -18"><span class='ocrx_word' id='word_1_157' title='bbox 57 1691 236 1748; x_wconf 89' lang='lat' dir='ltr'><strong>motuum.</strong></span> <span class='ocrx_word' id='word_1_158' title='bbox 287 1676 379 1745; x_wconf 89' lang='lat' dir='ltr'><strong>Huic</strong></span> <span class='ocrx_word' id='word_1_159' title='bbox 401 1675 524 1765; x_wconf 90' lang='lat' dir='ltr'><strong>spinae</strong></span> <span class='ocrx_word' id='word_1_160' title='bbox 546 1700 723 1746; x_wconf 84' lang='lat' dir='ltr'><strong>annexum</strong></span> <span class='ocrx_word' id='word_1_161' title='bbox 753 1689 805 1745; x_wconf 91' lang='grc' dir='ltr'><strong>εει</strong></span> <span class='ocrx_word' id='word_1_162' title='bbox 829 1701 868 1746; x_wconf 88' lang='grc' dir='ltr'><strong>οε</strong></span> <span class='ocrx_word' id='word_1_163' title='bbox 892 1698 1045 1757; x_wconf 91' lang='lat' dir='ltr'><strong>sacrum,</strong></span> <span class='ocrx_word' id='word_1_164' title='bbox 1096 1675 1297 1745; x_wconf 80' lang='lat' dir='ltr'><strong>fabulosum</strong></span> <span class='ocrx_word' id='word_1_165' title='bbox 1315 1698 1388 1745; x_wconf 90' lang='lat' dir='ltr'><strong>csse</strong></span> <span class='ocrx_word' id='word_1_166' title='bbox 1404 1675 1536 1755; x_wconf 92' lang='lat' dir='ltr'><strong>iudico,</strong></span> <span class='ocrx_word' id='word_1_167' title='bbox 1564 1675 1646 1765; x_wconf 89' lang='lat' dir='ltr'><strong>qnia</strong></span> <span class='ocrx_word' id='word_1_168' title='bbox 1663 1687 1745 1745; x_wconf 87' lang='lat' dir='ltr'><strong>usu&#39;s</strong></span> <span class='ocrx_word' id='word_1_169' title='bbox 1761 1700 1934 1766; x_wconf 90' lang='lat' dir='ltr'><strong>equorum</strong></span> <span class='ocrx_word' id='word_1_170' title='bbox 1951 1689 1985 1745; x_wconf 87' lang='lat' dir='ltr'><strong>et</strong></span> <span class='ocrx_word' id='word_1_171' title='bbox 2003 1700 2082 1744; x_wconf 90' lang='lat' dir='ltr'><strong>cur·</strong></span> <span class='ocrx_word' id='word_1_172' title='bbox 2127 1700 2131 1705; x_wconf 91' lang='lat'>·</span> 
     </span>
    </p>

    <p class='ocr_par' dir='ltr' id='par_1_15' title="bbox 59 1775 2082 1873">
     <span class='ocr_line' id='line_1_15' title="bbox 59 1775 2082 1873; baseline -0.001 -24"><span class='ocrx_word' id='word_1_173' title='bbox 59 1783 160 1850; x_wconf 90' lang='lat' dir='ltr'><strong>cuius</strong></span> <span class='ocrx_word' id='word_1_174' title='bbox 176 1780 360 1848; x_wconf 89' lang='lat' dir='ltr'><strong>iuncturae</strong></span> <span class='ocrx_word' id='word_1_175' title='bbox 376 1791 504 1868; x_wconf 89' lang='lat' dir='ltr'><strong>sponte</strong></span> <span class='ocrx_word' id='word_1_176' title='bbox 527 1780 759 1869; x_wconf 88' lang='lat' dir='ltr'><strong>aperiuntur,</strong></span> <span class='ocrx_word' id='word_1_177' title='bbox 794 1780 943 1873; x_wconf 87' lang='lat' dir='ltr'><strong>quando</strong></span> <span class='ocrx_word' id='word_1_178' title='bbox 967 1802 1046 1846; x_wconf 91' lang='lat' dir='ltr'><strong>mu·</strong></span> <span class='ocrx_word' id='word_1_179' title='bbox 1097 1800 1204 1845; x_wconf 89' lang='lat' dir='ltr'><strong>ruum</strong></span> <span class='ocrx_word' id='word_1_180' title='bbox 1233 1778 1302 1846; x_wconf 84' lang='lat' dir='ltr'><strong>fnit</strong></span> <span class='ocrx_word' id='word_1_181' title='bbox 1333 1776 1528 1869; x_wconf 80' lang='lat' dir='ltr'><strong>antiquior.</strong></span> <span class='ocrx_word' id='word_1_182' title='bbox 1596 1775 1761 1846; x_wconf 79' lang='lat' dir='ltr'><strong>Fortasse</strong></span> <span class='ocrx_word' id='word_1_183' title='bbox 1792 1778 1871 1844; x_wconf 93' lang='lat' dir='ltr'><strong>ideo</strong></span> <span class='ocrx_word' id='word_1_184' title='bbox 1904 1780 2082 1847; x_wconf 84' lang='lat' dir='ltr'><strong>linxerunt</strong></span> 
     </span>
    </p>

    <p class='ocr_par' dir='ltr' id='par_1_16' title="bbox 57 1877 2084 1972">
     <span class='ocr_line' id='line_1_16' title="bbox 57 1877 2084 1972; baseline -0 -22"><span class='ocrx_word' id='word_1_185' title='bbox 57 1883 163 1951; x_wconf 90' lang='lat' dir='ltr'><strong>lieres</strong></span> <span class='ocrx_word' id='word_1_186' title='bbox 181 1883 404 1972; x_wconf 89' lang='lat' dir='ltr'><strong>parturiunt,</strong></span> <span class='ocrx_word' id='word_1_187' title='bbox 431 1892 465 1949; x_wconf 92' lang='lat' dir='ltr'><strong>et</strong></span> <span class='ocrx_word' id='word_1_188' title='bbox 483 1893 567 1953; x_wconf 89' lang='lat' dir='ltr'><strong>sunt</strong></span> <span class='ocrx_word' id='word_1_189' title='bbox 583 1883 732 1951; x_wconf 89' lang='lat' dir='ltr'><strong>maximi</strong></span> <span class='ocrx_word' id='word_1_190' title='bbox 747 1881 891 1949; x_wconf 87' lang='lat' dir='ltr'><strong>dolores</strong></span> <span class='ocrx_word' id='word_1_191' title='bbox 907 1879 1045 1971; x_wconf 84' lang='lat' dir='ltr'><strong>apertio</strong></span> <span class='ocrx_word' id='word_1_192' title='bbox 1098 1902 1180 1948; x_wconf 89' lang='lat' dir='ltr'><strong>eum</strong></span> <span class='ocrx_word' id='word_1_193' title='bbox 1206 1904 1280 1949; x_wconf 88' lang='lat' dir='ltr'><strong>esse</strong></span> <span class='ocrx_word' id='word_1_194' title='bbox 1304 1892 1487 1958; x_wconf 89' lang='lat' dir='ltr'><strong>autorem,</strong></span> <span class='ocrx_word' id='word_1_195' title='bbox 1527 1877 1611 1968; x_wconf 88' lang='lat' dir='ltr'><strong>quia</strong></span> <span class='ocrx_word' id='word_1_196' title='bbox 1643 1879 1795 1946; x_wconf 91' lang='lat' dir='ltr'><strong>multum</strong></span> <span class='ocrx_word' id='word_1_197' title='bbox 1818 1879 2010 1949; x_wconf 88' lang='lat' dir='ltr'><strong>delectatus</strong></span> <span class='ocrx_word' id='word_1_198' title='bbox 2036 1881 2084 1950; x_wconf 92' lang='lat' dir='ltr'><strong>sit</strong></span> 
     </span>
    </p>

    <p class='ocr_par' dir='ltr' id='par_1_17' title="bbox 58 1979 1587 2079">
     <span class='ocr_line' id='line_1_17' title="bbox 58 1979 1587 2079; baseline -0.004 -26"><span class='ocrx_word' id='word_1_199' title='bbox 58 1996 94 2054; x_wconf 88' lang='lat' dir='ltr'><strong>et</strong></span> <span class='ocrx_word' id='word_1_200' title='bbox 108 1981 259 2052; x_wconf 87' lang='lat' dir='ltr'><strong>reclusio</strong></span> <span class='ocrx_word' id='word_1_201' title='bbox 276 1981 377 2052; x_wconf 89' lang='lat' dir='ltr'><strong>istius</strong></span> <span class='ocrx_word' id='word_1_202' title='bbox 395 1983 483 2052; x_wconf 88' lang='lat' dir='ltr'><strong>ossis</strong></span> <span class='ocrx_word' id='word_1_203' title='bbox 499 1985 603 2056; x_wconf 90' lang='lat' dir='ltr'><strong>sacri.</strong></span> <span class='ocrx_word' id='word_1_204' title='bbox 716 1979 897 2079; x_wconf 72' lang='lat' dir='ltr'><strong>cavatque]</strong></span> <span class='ocrx_word' id='word_1_205' title='bbox 927 1983 1046 2065; x_wconf 88' lang='lat' dir='ltr'><strong>idest,</strong></span> <span class='ocrx_word' id='word_1_206' title='bbox 1098 1982 1351 2051; x_wconf 88' lang='lat' dir='ltr'><strong>certaminibus</strong></span> <span class='ocrx_word' id='word_1_207' title='bbox 1375 1979 1587 2049; x_wconf 90' lang='lat' dir='ltr'><strong>currulibus.</strong></span> 
     </span>
    </p>

    <p class='ocr_par' dir='ltr' id='par_1_18' title="bbox 57 2079 2081 2279">
     <span class='ocr_line' id='line_1_18' title="bbox 57 2079 2080 2172; baseline 0 -18"><span class='ocrx_word' id='word_1_208' title='bbox 57 2087 140 2156; x_wconf 81' lang='lat' dir='ltr'><strong>ferit</strong></span> <span class='ocrx_word' id='word_1_209' title='bbox 155 2079 400 2154; x_wconf 87' lang='lat' dir='ltr'><strong>vehementius</strong></span> <span class='ocrx_word' id='word_1_210' title='bbox 421 2096 567 2155; x_wconf 87' lang='lat' dir='ltr'><strong>terram.</strong></span> <span class='ocrx_word' id='word_1_211' title='bbox 1199 2082 1259 2152; x_wconf 90' lang='lat' dir='ltr'><strong>Vs.</strong></span> <span class='ocrx_word' id='word_1_212' title='bbox 1285 2079 1368 2152; x_wconf 84' lang='lat'><strong>116.</strong></span> <span class='ocrx_word' id='word_1_213' title='bbox 1415 2083 1637 2172; x_wconf 79' lang='lat' dir='ltr'><strong>Pelotbrnm&#39;c]</strong></span> <span class='ocrx_word' id='word_1_214' title='bbox 1680 2082 1716 2149; x_wconf 94' lang='lat' dir='ltr'><strong>id</strong></span> <span class='ocrx_word' id='word_1_215' title='bbox 1751 2095 1821 2166; x_wconf 92' lang='lat' dir='ltr'><strong>est,</strong></span> <span class='ocrx_word' id='word_1_216' title='bbox 1873 2080 2080 2156; x_wconf 83' lang='lat' dir='ltr'><strong>Thessalici.</strong></span> 
     </span>
     <span class='ocr_line' id='line_1_19' title="bbox 159 2182 2081 2279; baseline 0.002 -26"><span class='ocrx_word' id='word_1_217' title='bbox 159 2184 220 2256; x_wconf 90' lang='lat' dir='ltr'><strong>Vs.</strong></span> <span class='ocrx_word' id='word_1_218' title='bbox 246 2185 307 2255; x_wconf 92' lang='grc'><strong>89.</strong></span> <span class='ocrx_word' id='word_1_219' title='bbox 349 2188 511 2279; x_wconf 82' lang='lat' dir='ltr'><strong>Pollucis]</strong></span> <span class='ocrx_word' id='word_1_220' title='bbox 543 2187 642 2256; x_wconf 83' lang='lat' dir='ltr'><strong>Sicut</strong></span> <span class='ocrx_word' id='word_1_221' title='bbox 662 2188 776 2257; x_wconf 90' lang='lat' dir='ltr'><strong>nostri</strong></span> <span class='ocrx_word' id='word_1_222' title='bbox 796 2182 961 2255; x_wconf 90' lang='lat' dir='ltr'><strong>homiues</strong></span> <span class='ocrx_word' id='word_1_223' title='bbox 988 2210 1046 2254; x_wconf 91' lang='lat' dir='ltr'><strong>co·</strong></span> <span class='ocrx_word' id='word_1_224' title='bbox 1097 2184 1281 2275; x_wconf 79' lang='lat' dir='ltr'><strong>Lapithae]</strong></span> <span class='ocrx_word' id='word_1_225' title='bbox 1308 2183 1553 2277; x_wconf 82' lang='lat' dir='ltr'><strong>Equitationis</strong></span> <span class='ocrx_word' id='word_1_226' title='bbox 1569 2199 1723 2253; x_wconf 88' lang='lat' dir='ltr'><strong>autores.</strong></span> <span class='ocrx_word' id='word_1_227' title='bbox 1765 2183 1927 2255; x_wconf 88' lang='lat' dir='ltr'><strong>Fuerunt</strong></span> <span class='ocrx_word' id='word_1_228' title='bbox 1942 2189 2081 2257; x_wconf 88' lang='lat' dir='ltr'><strong>vicinae</strong></span> 
     </span>
    </p>

    <p class='ocr_par' dir='ltr' id='par_1_19' title="bbox 57 2283 2081 2380">
     <span class='ocr_line' id='line_1_20' title="bbox 57 2283 2081 2380; baseline 0.002 -25"><span class='ocrx_word' id='word_1_229' title='bbox 57 2287 203 2358; x_wconf 87' lang='lat' dir='ltr'><strong>luerunt</strong></span> <span class='ocrx_word' id='word_1_230' title='bbox 225 2301 385 2356; x_wconf 88' lang='lat' dir='ltr'><strong>sanctum</strong></span> <span class='ocrx_word' id='word_1_231' title='bbox 410 2289 605 2377; x_wconf 84' lang='lat' dir='ltr'><strong>Georgium</strong></span> <span class='ocrx_word' id='word_1_232' title='bbox 627 2289 804 2380; x_wconf 87' lang='lat' dir='ltr'><strong>equitem,</strong></span> <span class='ocrx_word' id='word_1_233' title='bbox 840 2289 890 2356; x_wconf 88' lang='lat' dir='ltr'><strong>sic</strong></span> <span class='ocrx_word' id='word_1_234' title='bbox 913 2284 1045 2354; x_wconf 89' lang='lat' dir='ltr'><strong>ethnici</strong></span> <span class='ocrx_word' id='word_1_235' title='bbox 1098 2301 1217 2374; x_wconf 85' lang='lat' dir='ltr'><strong>gentes</strong></span> <span class='ocrx_word' id='word_1_236' title='bbox 1238 2283 1416 2377; x_wconf 84' lang='lat' dir='ltr'><strong>Lapithae</strong></span> <span class='ocrx_word' id='word_1_237' title='bbox 1443 2299 1478 2353; x_wconf 88' lang='grc' dir='ltr'><strong>ει</strong></span> <span class='ocrx_word' id='word_1_238' title='bbox 1502 2285 1692 2367; x_wconf 90' lang='lat' dir='ltr'><strong>Centauri,</strong></span> <span class='ocrx_word' id='word_1_239' title='bbox 1729 2298 1764 2352; x_wconf 93' lang='grc' dir='ltr'><strong>ει</strong></span> <span class='ocrx_word' id='word_1_240' title='bbox 1786 2301 1911 2358; x_wconf 91' lang='lat' dir='ltr'><strong>mutuo</strong></span> <span class='ocrx_word' id='word_1_241' title='bbox 1935 2314 1972 2359; x_wconf 92' lang='grc' dir='ltr'><strong>εε</strong></span> <span class='ocrx_word' id='word_1_242' title='bbox 1996 2314 2081 2360; x_wconf 93' lang='lat' dir='ltr'><strong>con·</strong></span> 
     </span>
    </p>

    <p class='ocr_par' dir='ltr' id='par_1_20' title="bbox 59 2386 2083 2476">
     <span class='ocr_line' id='line_1_21' title="bbox 59 2386 2083 2476; baseline 0.001 -17"><span class='ocrx_word' id='word_1_243' title='bbox 59 2390 246 2459; x_wconf 86' lang='lat' dir='ltr'><strong>coluerunt</strong></span> <span class='ocrx_word' id='word_1_244' title='bbox 270 2390 453 2458; x_wconf 86' lang='lat' dir='ltr'><strong>Castorem</strong></span> <span class='ocrx_word' id='word_1_245' title='bbox 486 2402 520 2456; x_wconf 93' lang='lat' dir='ltr'><strong>et</strong></span> <span class='ocrx_word' id='word_1_246' title='bbox 538 2390 742 2465; x_wconf 87' lang='lat' dir='ltr'><strong>Pollucem;</strong></span> <span class='ocrx_word' id='word_1_247' title='bbox 781 2414 866 2456; x_wconf 91' lang='lat' dir='ltr'><strong>uam</strong></span> <span class='ocrx_word' id='word_1_248' title='bbox 893 2388 952 2456; x_wconf 91' lang='lat' dir='ltr'><strong>isti</strong></span> <span class='ocrx_word' id='word_1_249' title='bbox 973 2391 1045 2457; x_wconf 93' lang='lat' dir='ltr'><strong>duo</strong></span> <span class='ocrx_word' id='word_1_250' title='bbox 1097 2400 1327 2476; x_wconf 87' lang='lat' dir='ltr'><strong>sumpserunt</strong></span> <span class='ocrx_word' id='word_1_251' title='bbox 1341 2386 1491 2457; x_wconf 85' lang='lat' dir='ltr'><strong>assiduis</strong></span> <span class='ocrx_word' id='word_1_252' title='bbox 1506 2386 1617 2456; x_wconf 90' lang='lat' dir='ltr'><strong>bellis.</strong></span> <span class='ocrx_word' id='word_1_253' title='bbox 1669 2386 1830 2457; x_wconf 87' lang='lat' dir='ltr'><strong>Fuerunt</strong></span> <span class='ocrx_word' id='word_1_254' title='bbox 1846 2404 1965 2460; x_wconf 89' lang='lat' dir='ltr'><strong>autem</strong></span> <span class='ocrx_word' id='word_1_255' title='bbox 1991 2393 2083 2463; x_wconf 89' lang='lat' dir='ltr'><strong>circa</strong></span> 
     </span>
    </p>

    <p class='ocr_par' dir='ltr' id='par_1_21' title="bbox 56 2487 2084 2582">
     <span class='ocr_line' id='line_1_22' title="bbox 56 2487 2084 2582; baseline 0 -20"><span class='ocrx_word' id='word_1_256' title='bbox 56 2490 307 2562; x_wconf 81' lang='lat' dir='ltr'><strong>fueruntboni</strong></span> <span class='ocrx_word' id='word_1_257' title='bbox 331 2491 478 2582; x_wconf 89' lang='lat' dir='ltr'><strong>equites.</strong></span> <span class='ocrx_word' id='word_1_258' title='bbox 582 2492 772 2582; x_wconf 65' lang='lat' dir='ltr'><strong>Amyclaea]</strong></span> <span class='ocrx_word' id='word_1_259' title='bbox 804 2491 932 2572; x_wconf 89' lang='lat' dir='ltr'><strong>idest,</strong></span> <span class='ocrx_word' id='word_1_260' title='bbox 966 2489 1046 2559; x_wconf 90' lang='lat' dir='ltr'><strong>talis</strong></span> <span class='ocrx_word' id='word_1_261' title='bbox 1098 2501 1261 2578; x_wconf 86' lang='lat' dir='ltr'><strong>tempora</strong></span> <span class='ocrx_word' id='word_1_262' title='bbox 1285 2489 1466 2568; x_wconf 88' lang='lat' dir='ltr'><strong>Herculis,</strong></span> <span class='ocrx_word' id='word_1_263' title='bbox 1507 2487 1570 2579; x_wconf 94' lang='lat' dir='ltr'><strong>qui</strong></span> <span class='ocrx_word' id='word_1_264' title='bbox 1599 2488 1687 2556; x_wconf 87' lang='lat' dir='ltr'><strong>vixit</strong></span> <span class='ocrx_word' id='word_1_265' title='bbox 1716 2500 1877 2580; x_wconf 90' lang='lat' dir='ltr'><strong>ternpore</strong></span> <span class='ocrx_word' id='word_1_266' title='bbox 1897 2493 2084 2577; x_wconf 85' lang='lat' dir='ltr'><strong>Samuelis,</strong></span> 
     </span>
    </p>

    <p class='ocr_par' dir='ltr' id='par_1_22' title="bbox 58 2588 2084 2684">
     <span class='ocr_line' id='line_1_23' title="bbox 58 2588 2084 2684; baseline 0.001 -24"><span class='ocrx_word' id='word_1_267' title='bbox 58 2616 167 2684; x_wconf 89' lang='lat' dir='ltr'><strong>eques</strong></span> <span class='ocrx_word' id='word_1_268' title='bbox 180 2591 249 2659; x_wconf 82' lang='lat' dir='ltr'><strong>luit</strong></span> <span class='ocrx_word' id='word_1_269' title='bbox 265 2590 458 2671; x_wconf 90' lang='lat' dir='ltr'><strong>Saturnus,</strong></span> <span class='ocrx_word' id='word_1_270' title='bbox 486 2615 565 2658; x_wconf 93' lang='lat' dir='ltr'><strong>cum</strong></span> <span class='ocrx_word' id='word_1_271' title='bbox 583 2592 756 2662; x_wconf 87' lang='lat' dir='ltr'><strong>induisset</strong></span> <span class='ocrx_word' id='word_1_272' title='bbox 771 2593 925 2660; x_wconf 84' lang='lat' dir='ltr'><strong>formam</strong></span> <span class='ocrx_word' id='word_1_273' title='bbox 950 2592 1046 2684; x_wconf 89' lang='lat' dir='ltr'><strong>equi,</strong></span> <span class='ocrx_word' id='word_1_274' title='bbox 1097 2604 1220 2681; x_wconf 90' lang='lat' dir='ltr'><strong>postea</strong></span> <span class='ocrx_word' id='word_1_275' title='bbox 1245 2592 1376 2660; x_wconf 90' lang='lat' dir='ltr'><strong>bellum</strong></span> <span class='ocrx_word' id='word_1_276' title='bbox 1400 2588 1600 2658; x_wconf 91' lang='lat' dir='ltr'><strong>Troianum</strong></span> <span class='ocrx_word' id='word_1_277' title='bbox 1624 2590 1692 2657; x_wconf 85' lang='lat' dir='ltr'><strong>luit</strong></span> <span class='ocrx_word' id='word_1_278' title='bbox 1715 2590 1808 2659; x_wconf 87' lang='lat' dir='ltr'><strong>circa</strong></span> <span class='ocrx_word' id='word_1_279' title='bbox 1832 2605 1992 2684; x_wconf 90' lang='lat' dir='ltr'><strong>tempora</strong></span> <span class='ocrx_word' id='word_1_280' title='bbox 2010 2595 2084 2662; x_wconf 89' lang='lat' dir='ltr'><strong>Da-</strong></span> 
     </span>
    </p>

    <p class='ocr_par' dir='ltr' id='par_1_23' title="bbox 57 2688 2082 2784">
     <span class='ocr_line' id='line_1_24' title="bbox 57 2688 2082 2784; baseline 0.001 -21"><span class='ocrx_word' id='word_1_281' title='bbox 57 2688 301 2784; x_wconf 90' lang='lat' dir='ltr'><strong>deprehensus</strong></span> <span class='ocrx_word' id='word_1_282' title='bbox 325 2718 345 2759; x_wconf 92' lang='lat' dir='ltr'><strong>a</strong></span> <span class='ocrx_word' id='word_1_283' title='bbox 371 2693 519 2782; x_wconf 86' lang='lat' dir='ltr'><strong>coniuge</strong></span> <span class='ocrx_word' id='word_1_284' title='bbox 543 2693 580 2760; x_wconf 95' lang='lat' dir='ltr'><strong>in</strong></span> <span class='ocrx_word' id='word_1_285' title='bbox 605 2694 802 2777; x_wconf 90' lang='lat' dir='ltr'><strong>adulterio,</strong></span> <span class='ocrx_word' id='word_1_286' title='bbox 842 2696 938 2763; x_wconf 90' lang='lat' dir='ltr'><strong>unde</strong></span> <span class='ocrx_word' id='word_1_287' title='bbox 968 2693 1046 2761; x_wconf 89' lang='lat' dir='ltr'><strong>nati</strong></span> <span class='ocrx_word' id='word_1_288' title='bbox 1099 2694 1200 2762; x_wconf 91' lang='lat' dir='ltr'><strong>vidis.</strong></span> <span class='ocrx_word' id='word_1_289' title='bbox 1251 2691 1306 2760; x_wconf 83' lang='lat' dir='ltr'><strong>Ex</strong></span> <span class='ocrx_word' id='word_1_290' title='bbox 1321 2689 1377 2762; x_wconf 87' lang='lat' dir='ltr'><strong>his</strong></span> <span class='ocrx_word' id='word_1_291' title='bbox 1394 2702 1544 2781; x_wconf 89' lang='lat' dir='ltr'><strong>apparet</strong></span> <span class='ocrx_word' id='word_1_292' title='bbox 1558 2714 1661 2759; x_wconf 89' lang='lat' dir='ltr'><strong>usum</strong></span> <span class='ocrx_word' id='word_1_293' title='bbox 1679 2714 1853 2782; x_wconf 84' lang='lat' dir='ltr'><strong>equorum</strong></span> <span class='ocrx_word' id='word_1_294' title='bbox 1871 2718 1945 2763; x_wconf 86' lang='lat' dir='ltr'><strong>esse</strong></span> <span class='ocrx_word' id='word_1_295' title='bbox 1968 2697 2082 2765; x_wconf 88' lang='lat' dir='ltr'><strong>multo</strong></span> 
     </span>
    </p>

    <p class='ocr_par' dir='ltr' id='par_1_24' title="bbox 59 2789 1732 2887">
     <span class='ocr_line' id='line_1_25' title="bbox 59 2789 1732 2887; baseline -0.003 -22"><span class='ocrx_word' id='word_1_296' title='bbox 59 2807 144 2865; x_wconf 86' lang='lat' dir='ltr'><strong>sunt</strong></span> <span class='ocrx_word' id='word_1_297' title='bbox 160 2793 333 2862; x_wconf 89' lang='lat' dir='ltr'><strong>Centauri</strong></span> <span class='ocrx_word' id='word_1_298' title='bbox 356 2820 418 2864; x_wconf 88' lang='lat' dir='ltr'><strong>seu</strong></span> <span class='ocrx_word' id='word_1_299' title='bbox 435 2789 649 2887; x_wconf 87' lang='lat' dir='ltr'><strong>Philyrides.</strong></span> <span class='ocrx_word' id='word_1_300' title='bbox 712 2795 849 2865; x_wconf 87' lang='lat' dir='ltr'><strong>Fabula</strong></span> <span class='ocrx_word' id='word_1_301' title='bbox 873 2795 972 2865; x_wconf 89' lang='lat' dir='ltr'><strong>varic</strong></span> <span class='ocrx_word' id='word_1_302' title='bbox 995 2808 1047 2865; x_wconf 92' lang='grc' dir='ltr'><strong>εει</strong></span> <span class='ocrx_word' id='word_1_303' title='bbox 1098 2794 1350 2877; x_wconf 90' lang='lat' dir='ltr'><strong>vetustiorem,</strong></span> <span class='ocrx_word' id='word_1_304' title='bbox 1374 2818 1482 2887; x_wconf 91' lang='lat' dir='ltr'><strong>qnam</strong></span> <span class='ocrx_word' id='word_1_305' title='bbox 1498 2793 1732 2882; x_wconf 88' lang='lat' dir='ltr'><strong>poetalingit.</strong></span> 
     </span>
    </p>

    <p class='ocr_par' dir='ltr' id='par_1_25' title="bbox 59 2891 2084 2992">
     <span class='ocr_line' id='line_1_26' title="bbox 59 2891 2084 2992; baseline 0.002 -28"><span class='ocrx_word' id='word_1_306' title='bbox 59 2908 219 2969; x_wconf 91' lang='lat' dir='ltr'><strong>consuta.</strong></span> <span class='ocrx_word' id='word_1_307' title='bbox 279 2891 425 2988; x_wconf 88' lang='lat' dir='ltr'><strong>Philyra</strong></span> <span class='ocrx_word' id='word_1_308' title='bbox 453 2896 548 2965; x_wconf 89' lang='lat' dir='ltr'><strong>idem</strong></span> <span class='ocrx_word' id='word_1_309' title='bbox 571 2912 641 2981; x_wconf 89' lang='lat' dir='ltr'><strong>est,</strong></span> <span class='ocrx_word' id='word_1_310' title='bbox 665 2901 763 2992; x_wconf 90' lang='lat' dir='ltr'><strong>qnod</strong></span> <span class='ocrx_word' id='word_1_311' title='bbox 786 2898 882 2981; x_wconf 91' lang='lat' dir='ltr'><strong>tilia,</strong></span> <span class='ocrx_word' id='word_1_312' title='bbox 916 2910 952 2968; x_wconf 87' lang='lat' dir='ltr'><strong>et</strong></span> <span class='ocrx_word' id='word_1_313' title='bbox 972 2899 1046 2966; x_wconf 84' lang='lat' dir='ltr'><strong>sor·</strong></span> <span class='ocrx_word' id='word_1_314' title='bbox 1197 2895 1259 2965; x_wconf 88' lang='lat' dir='ltr'><strong>Vs.</strong></span> <span class='ocrx_word' id='word_1_315' title='bbox 1278 2897 1362 2968; x_wconf 90' lang='lat'><strong>118.</strong></span> <span class='ocrx_word' id='word_1_316' title='bbox 1402 2902 1544 2988; x_wconf 81' lang='lat' dir='ltr'><strong>Uterque</strong></span> <span class='ocrx_word' id='word_1_317' title='bbox 1566 2897 1677 2982; x_wconf 84' lang='lat' dir='ltr'><strong>labor]</strong></span> <span class='ocrx_word' id='word_1_318' title='bbox 1711 2894 1861 2978; x_wconf 88' lang='lat' dir='ltr'><strong>scilicet,</strong></span> <span class='ocrx_word' id='word_1_319' title='bbox 1894 2899 2084 2990; x_wconf 83' lang='lat' dir='ltr'><strong>aurigandi</strong></span> 
     </span>
    </p>

    <p class='ocr_par' dir='ltr' id='par_1_26' title="bbox 58 2995 1942 3093">
     <span class='ocr_line' id='line_1_27' title="bbox 58 2995 1942 3093; baseline 0.001 -27"><span class='ocrx_word' id='word_1_320' title='bbox 58 2999 160 3068; x_wconf 89' lang='lat' dir='ltr'><strong>tassis</strong></span> <span class='ocrx_word' id='word_1_321' title='bbox 183 2995 241 3065; x_wconf 92' lang='lat' dir='ltr'><strong>isti</strong></span> <span class='ocrx_word' id='word_1_322' title='bbox 261 2996 430 3067; x_wconf 86' lang='lat' dir='ltr'><strong>Centauri</strong></span> <span class='ocrx_word' id='word_1_323' title='bbox 462 3013 545 3068; x_wconf 91' lang='lat' dir='ltr'><strong>sunt</strong></span> <span class='ocrx_word' id='word_1_324' title='bbox 575 3000 660 3068; x_wconf 91' lang='lat' dir='ltr'><strong>dicti</strong></span> <span class='ocrx_word' id='word_1_325' title='bbox 684 2998 908 3093; x_wconf 88' lang='lat' dir='ltr'><strong>Philyrides,</strong></span> <span class='ocrx_word' id='word_1_326' title='bbox 948 3002 1046 3093; x_wconf 92' lang='lat' dir='ltr'><strong>qnod</strong></span> <span class='ocrx_word' id='word_1_327' title='bbox 1099 3013 1134 3068; x_wconf 88' lang='lat' dir='ltr'><strong>et</strong></span> <span class='ocrx_word' id='word_1_328' title='bbox 1149 2999 1345 3092; x_wconf 88' lang='lat' dir='ltr'><strong>equitandi.</strong></span> <span class='ocrx_word' id='word_1_329' title='bbox 1447 3001 1619 3083; x_wconf 83' lang='lat' dir='ltr'><strong>Iuvenem]</strong></span> <span class='ocrx_word' id='word_1_330' title='bbox 1645 2997 1778 3067; x_wconf 92' lang='lat' dir='ltr'><strong>scilicet</strong></span> <span class='ocrx_word' id='word_1_331' title='bbox 1798 3021 1942 3091; x_wconf 90' lang='lat' dir='ltr'><strong>equum.</strong></span> 
     </span>
    </p>

    <p class='ocr_par' dir='ltr' id='par_1_27' title="bbox 61 3094 2085 3194">
     <span class='ocr_line' id='line_1_28' title="bbox 61 3094 2085 3194; baseline 0.001 -27"><span class='ocrx_word' id='word_1_332' title='bbox 61 3100 157 3169; x_wconf 88' lang='lat' dir='ltr'><strong>iuxta</strong></span> <span class='ocrx_word' id='word_1_333' title='bbox 182 3094 361 3191; x_wconf 87' lang='lat' dir='ltr'><strong>philyras‚</strong></span> <span class='ocrx_word' id='word_1_334' title='bbox 395 3101 526 3183; x_wconf 91' lang='lat' dir='ltr'><strong>idest,</strong></span> <span class='ocrx_word' id='word_1_335' title='bbox 561 3101 598 3170; x_wconf 93' lang='lat' dir='ltr'><strong>in</strong></span> <span class='ocrx_word' id='word_1_336' title='bbox 619 3104 727 3194; x_wconf 84' lang='lat' dir='ltr'><strong>sylvis</strong></span> <span class='ocrx_word' id='word_1_337' title='bbox 745 3115 980 3172; x_wconf 87' lang='lat' dir='ltr'><strong>exercuerunt</strong></span> <span class='ocrx_word' id='word_1_338' title='bbox 997 3103 1047 3170; x_wconf 91' lang='lat' dir='ltr'><strong>la·</strong></span> <span class='ocrx_word' id='word_1_339' title='bbox 1200 3101 1260 3170; x_wconf 89' lang='lat' dir='ltr'><strong>Vs.</strong></span> <span class='ocrx_word' id='word_1_340' title='bbox 1281 3102 1364 3170; x_wconf 92' lang='grc'><strong>119.</strong></span> <span class='ocrx_word' id='word_1_341' title='bbox 1406 3099 1542 3191; x_wconf 83' lang='lat' dir='ltr'><strong>Acrem]</strong></span> <span class='ocrx_word' id='word_1_342' title='bbox 1576 3099 1706 3182; x_wconf 91' lang='lat' dir='ltr'><strong>idest,</strong></span> <span class='ocrx_word' id='word_1_343' title='bbox 1748 3099 1917 3184; x_wconf 90' lang='lat' dir='ltr'><strong>celerem,</strong></span> <span class='ocrx_word' id='word_1_344' title='bbox 1959 3101 2085 3170; x_wconf 91' lang='lat' dir='ltr'><strong>sinon</strong></span> 
     </span>
    </p>
   </div>
   <div class='ocr_carea' id='block_1_5' title="bbox 61 3201 2207 3293">
    <p class='ocr_par' dir='ltr' id='par_1_28' title="bbox 61 3201 2207 3293">
     <span class='ocr_line' id='line_1_29' title="bbox 61 3201 2207 3293; baseline 0 -23"><span class='ocrx_word' id='word_1_345' title='bbox 61 3201 224 3270; x_wconf 89' lang='lat' dir='ltr'><strong>trocinia.</strong></span> <span class='ocrx_word' id='word_1_346' title='bbox 290 3201 461 3271; x_wconf 86' lang='lat' dir='ltr'><strong>Centauri</strong></span> <span class='ocrx_word' id='word_1_347' title='bbox 484 3203 700 3274; x_wconf 88' lang='lat' dir='ltr'><strong>dicuntura</strong></span> <span class='ocrx_word' id='word_1_348' title='bbox 734 3208 897 3293; x_wconf 77' lang='grc' dir='ltr'><strong>κεντεῖν,</strong></span> <span class='ocrx_word' id='word_1_349' title='bbox 924 3203 1047 3288; x_wconf 89' lang='lat' dir='ltr'><strong>idest,</strong></span> <span class='ocrx_word' id='word_1_350' title='bbox 1099 3216 1150 3272; x_wconf 90' lang='grc' dir='ltr'><strong>εει</strong></span> <span class='ocrx_word' id='word_1_351' title='bbox 1165 3203 1322 3283; x_wconf 86' lang='lat' dir='ltr'><strong>invenis,</strong></span> <span class='ocrx_word' id='word_1_352' title='bbox 1358 3202 1496 3271; x_wconf 91' lang='lat' dir='ltr'><strong>etiamsi</strong></span> <span class='ocrx_word' id='word_1_353' title='bbox 1522 3214 1574 3270; x_wconf 90' lang='lat' dir='ltr'><strong>est</strong></span> <span class='ocrx_word' id='word_1_354' title='bbox 1593 3201 1696 3268; x_wconf 91' lang='lat' dir='ltr'><strong>valde</strong></span> <span class='ocrx_word' id='word_1_355' title='bbox 1720 3225 1930 3290; x_wconf 89' lang='lat' dir='ltr'><strong>generosus,</strong></span> <span class='ocrx_word' id='word_1_356' title='bbox 1963 3215 2085 3272; x_wconf 86' lang='lat' dir='ltr'><strong>tamen</strong></span> <span class='ocrx_word' id='word_1_357' title='bbox 2204 3226 2207 3231; x_wconf 90' lang='lat'>·</span> 
     </span>
    </p>
   </div>
   <div class='ocr_carea' id='block_1_6' title="bbox 60 3301 2137 5538">
    <p class='ocr_par' dir='ltr' id='par_1_29' title="bbox 60 3301 2137 5538">
     <span class='ocr_line' id='line_1_30' title="bbox 60 3301 2084 3401; baseline 0 -29"><span class='ocrx_word' id='word_1_358' title='bbox 60 3328 237 3394; x_wconf 90' lang='lat' dir='ltr'><strong>pungere,</strong></span> <span class='ocrx_word' id='word_1_359' title='bbox 265 3315 300 3372; x_wconf 88' lang='lat' dir='ltr'><strong>et</strong></span> <span class='ocrx_word' id='word_1_360' title='bbox 313 3309 468 3401; x_wconf 83' lang='grc' dir='ltr'><strong>ταῦρος,</strong></span> <span class='ocrx_word' id='word_1_361' title='bbox 503 3305 539 3373; x_wconf 93' lang='lat' dir='ltr'><strong>id</strong></span> <span class='ocrx_word' id='word_1_362' title='bbox 566 3319 635 3390; x_wconf 91' lang='lat' dir='ltr'><strong>cst,</strong></span> <span class='ocrx_word' id='word_1_363' title='bbox 669 3320 812 3390; x_wconf 87' lang='lat' dir='ltr'><strong>taurus,</strong></span> <span class='ocrx_word' id='word_1_364' title='bbox 848 3305 905 3376; x_wconf 82' lang='lat' dir='ltr'><strong>sie</strong></span> <span class='ocrx_word' id='word_1_365' title='bbox 930 3301 1047 3376; x_wconf 90' lang='lat' dir='ltr'><strong>haben</strong></span> <span class='ocrx_word' id='word_1_366' title='bbox 1098 3301 1189 3373; x_wconf 92' lang='lat' dir='ltr'><strong>nihil</strong></span> <span class='ocrx_word' id='word_1_367' title='bbox 1205 3307 1360 3396; x_wconf 89' lang='lat' dir='ltr'><strong>prodest.</strong></span> <span class='ocrx_word' id='word_1_368' title='bbox 1454 3307 1670 3398; x_wconf 68' lang='lat' dir='ltr'><strong>disquirunt]</strong></span> <span class='ocrx_word' id='word_1_369' title='bbox 1698 3303 1734 3370; x_wconf 91' lang='lat' dir='ltr'><strong>id</strong></span> <span class='ocrx_word' id='word_1_370' title='bbox 1750 3315 1820 3386; x_wconf 89' lang='lat' dir='ltr'><strong>est,</strong></span> <span class='ocrx_word' id='word_1_371' title='bbox 1845 3305 2006 3394; x_wconf 90' lang='lat' dir='ltr'><strong>magistri</strong></span> <span class='ocrx_word' id='word_1_372' title='bbox 2022 3330 2084 3373; x_wconf 88' lang='lat' dir='ltr'><strong>an-</strong></span> 
     </span>
     <span class='ocr_line' id='line_1_31' title="bbox 62 3402 2086 3500; baseline 0.001 -26"><span class='ocrx_word' id='word_1_373' title='bbox 62 3402 137 3474; x_wconf 91' lang='lat' dir='ltr'><strong>sich</strong></span> <span class='ocrx_word' id='word_1_374' title='bbox 157 3407 317 3475; x_wconf 83' lang='lat' dir='ltr'><strong>eusdem</strong></span> <span class='ocrx_word' id='word_1_375' title='bbox 335 3408 674 3500; x_wconf 87' lang='lat' dir='ltr'><strong>stegcreyffgenert.</strong></span> <span class='ocrx_word' id='word_1_376' title='bbox 1099 3409 1254 3476; x_wconf 88' lang='lat' dir='ltr'><strong>telerunt</strong></span> <span class='ocrx_word' id='word_1_377' title='bbox 1283 3417 1434 3476; x_wconf 90' lang='lat' dir='ltr'><strong>aetatem</strong></span> <span class='ocrx_word' id='word_1_378' title='bbox 1466 3406 1562 3474; x_wconf 89' lang='lat' dir='ltr'><strong>iuxta</strong></span> <span class='ocrx_word' id='word_1_379' title='bbox 1594 3405 1843 3492; x_wconf 84' lang='lat' dir='ltr'><strong>proverbium:</strong></span> <span class='ocrx_word' id='word_1_380' title='bbox 1893 3406 1965 3475; x_wconf 87' lang='lat' dir='ltr'><strong>Ein</strong></span> <span class='ocrx_word' id='word_1_381' title='bbox 1995 3408 2086 3478; x_wconf 90' lang='lat' dir='ltr'><strong>alter</strong></span> 
     </span>
     <span class='ocr_line' id='line_1_32' title="bbox 161 3502 1931 3607; baseline 0.002 -32"><span class='ocrx_word' id='word_1_382' title='bbox 161 3504 222 3577; x_wconf 87' lang='lat' dir='ltr'><strong>Vs.</strong></span> <span class='ocrx_word' id='word_1_383' title='bbox 244 3504 305 3577; x_wconf 88' lang='grc'><strong>94.</strong></span> <span class='ocrx_word' id='word_1_384' title='bbox 344 3505 482 3607; x_wconf 79' lang='lat' dir='ltr'><strong>Pelion]</strong></span> <span class='ocrx_word' id='word_1_385' title='bbox 517 3511 677 3580; x_wconf 90' lang='lat' dir='ltr'><strong>Montem</strong></span> <span class='ocrx_word' id='word_1_386' title='bbox 702 3508 920 3581; x_wconf 85' lang='lat' dir='ltr'><strong>Thessaliae.</strong></span> <span class='ocrx_word' id='word_1_387' title='bbox 977 3509 1048 3578; x_wconf 90' lang='lat' dir='ltr'><strong>De·</strong></span> <span class='ocrx_word' id='word_1_388' title='bbox 1100 3507 1265 3591; x_wconf 90' lang='lat' dir='ltr'><strong>renther‚</strong></span> <span class='ocrx_word' id='word_1_389' title='bbox 1293 3502 1931 3597; x_wconf 87' lang='lat' dir='ltr'><strong>einaltespsertseyntnichtswert.</strong></span> 
     </span>
     <span class='ocr_line' id='line_1_33' title="bbox 61 3609 2083 3706; baseline 0.001 -27"><span class='ocrx_word' id='word_1_390' title='bbox 61 3609 201 3700; x_wconf 84' lang='lat' dir='ltr'><strong>scripsit</strong></span> <span class='ocrx_word' id='word_1_391' title='bbox 218 3634 348 3703; x_wconf 89' lang='lat' dir='ltr'><strong>equum</strong></span> <span class='ocrx_word' id='word_1_392' title='bbox 367 3610 672 3696; x_wconf 87' lang='lat' dir='ltr'><strong>laudatissimum,</strong></span> <span class='ocrx_word' id='word_1_393' title='bbox 697 3626 789 3691; x_wconf 84' lang='lat' dir='ltr'><strong>etex</strong></span> <span class='ocrx_word' id='word_1_394' title='bbox 808 3613 891 3695; x_wconf 91' lang='lat' dir='ltr'><strong>illo,</strong></span> <span class='ocrx_word' id='word_1_395' title='bbox 918 3611 1048 3706; x_wconf 90' lang='lat' dir='ltr'><strong>inquit,</strong></span> <span class='ocrx_word' id='word_1_396' title='bbox 1201 3611 1262 3680; x_wconf 90' lang='lat' dir='ltr'><strong>Vs.</strong></span> <span class='ocrx_word' id='word_1_397' title='bbox 1283 3612 1367 3684; x_wconf 90' lang='grc'><strong>123.</strong></span> <span class='ocrx_word' id='word_1_398' title='bbox 1393 3614 1461 3680; x_wconf 77' lang='lat' dir='ltr'><strong>His</strong></span> <span class='ocrx_word' id='word_1_399' title='bbox 1476 3611 1737 3700; x_wconf 72' lang='lat' dir='ltr'><strong>animadversis]</strong></span> <span class='ocrx_word' id='word_1_400' title='bbox 1765 3610 1835 3677; x_wconf 87' lang='lat' dir='ltr'><strong>Ubi</strong></span> <span class='ocrx_word' id='word_1_401' title='bbox 1854 3613 2000 3702; x_wconf 87' lang='lat' dir='ltr'><strong>elegeris</strong></span> <span class='ocrx_word' id='word_1_402' title='bbox 2019 3614 2083 3681; x_wconf 90' lang='lat' dir='ltr'><strong>bo·</strong></span> 
     </span>
     <span class='ocr_line' id='line_1_34' title="bbox 62 3710 1630 3806; baseline 0 -27"><span class='ocrx_word' id='word_1_403' title='bbox 62 3710 167 3779; x_wconf 87' lang='lat' dir='ltr'><strong>aliam</strong></span> <span class='ocrx_word' id='word_1_404' title='bbox 186 3712 344 3779; x_wconf 87' lang='lat' dir='ltr'><strong>sobolem</strong></span> <span class='ocrx_word' id='word_1_405' title='bbox 364 3736 438 3781; x_wconf 91' lang='lat' dir='ltr'><strong>esse</strong></span> <span class='ocrx_word' id='word_1_406' title='bbox 455 3718 729 3801; x_wconf 80' lang='lat' dir='ltr'><strong>procreandam.</strong></span> <span class='ocrx_word' id='word_1_407' title='bbox 1100 3741 1185 3786; x_wconf 93' lang='lat' dir='ltr'><strong>num</strong></span> <span class='ocrx_word' id='word_1_408' title='bbox 1203 3737 1355 3806; x_wconf 85' lang='lat' dir='ltr'><strong>equum,</strong></span> <span class='ocrx_word' id='word_1_409' title='bbox 1381 3711 1520 3801; x_wconf 79' lang='lat' dir='ltr'><strong>saginas</strong></span> <span class='ocrx_word' id='word_1_410' title='bbox 1537 3734 1630 3779; x_wconf 88' lang='lat' dir='ltr'><strong>eum.</strong></span> 
     </span>
     <span class='ocr_line' id='line_1_35' title="bbox 164 3806 2084 3907; baseline 0.003 -31"><span class='ocrx_word' id='word_1_411' title='bbox 164 3811 224 3880; x_wconf 89' lang='lat' dir='ltr'><strong>Vs.</strong></span> <span class='ocrx_word' id='word_1_412' title='bbox 241 3811 302 3879; x_wconf 83' lang='lat'><strong>96.</strong></span> <span class='ocrx_word' id='word_1_413' title='bbox 329 3807 482 3907; x_wconf 73' lang='lat' dir='ltr'><strong>Ignosce]</strong></span> <span class='ocrx_word' id='word_1_414' title='bbox 510 3814 632 3895; x_wconf 87' lang='lat' dir='ltr'><strong>idest,</strong></span> <span class='ocrx_word' id='word_1_415' title='bbox 658 3838 734 3881; x_wconf 92' lang='lat' dir='ltr'><strong>non</strong></span> <span class='ocrx_word' id='word_1_416' title='bbox 750 3814 831 3882; x_wconf 91' lang='lat' dir='ltr'><strong>idco</strong></span> <span class='ocrx_word' id='word_1_417' title='bbox 854 3839 980 3906; x_wconf 89' lang='lat' dir='ltr'><strong>parcas</strong></span> <span class='ocrx_word' id='word_1_418' title='bbox 1004 3816 1048 3899; x_wconf 91' lang='lat' dir='ltr'><strong>ei,</strong></span> <span class='ocrx_word' id='word_1_419' title='bbox 1202 3815 1262 3885; x_wconf 89' lang='lat' dir='ltr'><strong>Vs.</strong></span> <span class='ocrx_word' id='word_1_420' title='bbox 1281 3813 1365 3888; x_wconf 89' lang='grc'><strong>124.</strong></span> <span class='ocrx_word' id='word_1_421' title='bbox 1392 3818 1507 3883; x_wconf 85' lang='lat' dir='ltr'><strong>Denso</strong></span> <span class='ocrx_word' id='word_1_422' title='bbox 1528 3806 1665 3907; x_wconf 72' lang='lat' dir='ltr'><strong>pingui]</strong></span> <span class='ocrx_word' id='word_1_423' title='bbox 1692 3812 1821 3896; x_wconf 92' lang='lat' dir='ltr'><strong>idest,</strong></span> <span class='ocrx_word' id='word_1_424' title='bbox 1855 3814 2084 3905; x_wconf 86' lang='lat' dir='ltr'><strong>pinguedine,</strong></span> 
     </span>
     <span class='ocr_line' id='line_1_36' title="bbox 62 3912 2084 4012; baseline 0.004 -36"><span class='ocrx_word' id='word_1_425' title='bbox 62 3912 149 4007; x_wconf 88' lang='lat' dir='ltr'><strong>quia</strong></span> <span class='ocrx_word' id='word_1_426' title='bbox 167 3924 218 3980; x_wconf 90' lang='lat' dir='ltr'><strong>est</strong></span> <span class='ocrx_word' id='word_1_427' title='bbox 234 3913 303 3978; x_wconf 89' lang='lat' dir='ltr'><strong>iam</strong></span> <span class='ocrx_word' id='word_1_428' title='bbox 323 3937 439 3981; x_wconf 82' lang='lat' dir='ltr'><strong>senex.</strong></span> <span class='ocrx_word' id='word_1_429' title='bbox 1100 3920 1138 3987; x_wconf 88' lang='lat' dir='ltr'><strong>in</strong></span> <span class='ocrx_word' id='word_1_430' title='bbox 1162 3944 1232 4012; x_wconf 91' lang='lat' dir='ltr'><strong>qua</strong></span> <span class='ocrx_word' id='word_1_431' title='bbox 1256 3918 1300 3987; x_wconf 87' lang='lat' dir='ltr'><strong>sit</strong></span> <span class='ocrx_word' id='word_1_432' title='bbox 1324 3920 1433 3985; x_wconf 87' lang='lat' dir='ltr'><strong>densa</strong></span> <span class='ocrx_word' id='word_1_433' title='bbox 1457 3941 1561 3999; x_wconf 89' lang='lat' dir='ltr'><strong>caro,</strong></span> <span class='ocrx_word' id='word_1_434' title='bbox 1603 3916 1687 4008; x_wconf 91' lang='lat' dir='ltr'><strong>quia</strong></span> <span class='ocrx_word' id='word_1_435' title='bbox 1719 3915 1787 3983; x_wconf 89' lang='lat' dir='ltr'><strong>alia</strong></span> <span class='ocrx_word' id='word_1_436' title='bbox 1816 3928 1868 3986; x_wconf 91' lang='grc' dir='ltr'><strong>εει</strong></span> <span class='ocrx_word' id='word_1_437' title='bbox 1892 3917 2084 4006; x_wconf 88' lang='lat' dir='ltr'><strong>pinguedo,</strong></span> 
     </span>
     <span class='ocr_line' id='line_1_37' title="bbox 167 4012 2085 4115; baseline 0.004 -36"><span class='ocrx_word' id='word_1_438' title='bbox 167 4012 228 4080; x_wconf 90' lang='lat' dir='ltr'><strong>Vs.</strong></span> <span class='ocrx_word' id='word_1_439' title='bbox 248 4014 330 4083; x_wconf 90' lang='grc'><strong>100.</strong></span> <span class='ocrx_word' id='word_1_440' title='bbox 356 4018 531 4084; x_wconf 77' lang='lat' dir='ltr'><strong>Incassum</strong></span> <span class='ocrx_word' id='word_1_441' title='bbox 549 4012 653 4104; x_wconf 70' lang='lat' dir='ltr'><strong>furit]</strong></span> <span class='ocrx_word' id='word_1_442' title='bbox 680 4013 833 4102; x_wconf 83' lang='lat' dir='ltr'><strong>Elegans</strong></span> <span class='ocrx_word' id='word_1_443' title='bbox 856 4016 1048 4105; x_wconf 91' lang='lat' dir='ltr'><strong>descriptio</strong></span> <span class='ocrx_word' id='word_1_444' title='bbox 1101 4047 1192 4115; x_wconf 90' lang='lat' dir='ltr'><strong>quae</strong></span> <span class='ocrx_word' id='word_1_445' title='bbox 1219 4032 1270 4088; x_wconf 90' lang='lat' dir='ltr'><strong>est</strong></span> <span class='ocrx_word' id='word_1_446' title='bbox 1293 4016 1551 4110; x_wconf 84' lang='lat' dir='ltr'><strong>phlegmatica,</strong></span> <span class='ocrx_word' id='word_1_447' title='bbox 1579 4017 1820 4087; x_wconf 84' lang='lat' dir='ltr'><strong>exuberantia.</strong></span> <span class='ocrx_word' id='word_1_448' title='bbox 1873 4018 1931 4087; x_wconf 91' lang='lat' dir='ltr'><strong>Sic</strong></span> <span class='ocrx_word' id='word_1_449' title='bbox 1947 4018 2085 4088; x_wconf 86' lang='lat' dir='ltr'><strong>Aristo·</strong></span> 
     </span>
     <span class='ocr_line' id='line_1_38' title="bbox 62 4113 2085 4212; baseline 0.003 -31"><span class='ocrx_word' id='word_1_450' title='bbox 62 4113 183 4186; x_wconf 88' lang='lat' dir='ltr'><strong>senilis</strong></span> <span class='ocrx_word' id='word_1_451' title='bbox 198 4116 350 4198; x_wconf 88' lang='lat' dir='ltr'><strong>furoris,</strong></span> <span class='ocrx_word' id='word_1_452' title='bbox 376 4117 438 4208; x_wconf 92' lang='lat' dir='ltr'><strong>qui</strong></span> <span class='ocrx_word' id='word_1_453' title='bbox 454 4129 573 4182; x_wconf 86' lang='lat' dir='ltr'><strong>tarncn</strong></span> <span class='ocrx_word' id='word_1_454' title='bbox 591 4128 642 4184; x_wconf 91' lang='lat' dir='ltr'><strong>est</strong></span> <span class='ocrx_word' id='word_1_455' title='bbox 663 4114 805 4197; x_wconf 91' lang='lat' dir='ltr'><strong>irritus,</strong></span> <span class='ocrx_word' id='word_1_456' title='bbox 831 4114 922 4183; x_wconf 89' lang='lat' dir='ltr'><strong>sicut</strong></span> <span class='ocrx_word' id='word_1_457' title='bbox 938 4118 1050 4184; x_wconf 89' lang='lat' dir='ltr'><strong>Grac·</strong></span> <span class='ocrx_word' id='word_1_458' title='bbox 1101 4125 1186 4192; x_wconf 90' lang='lat' dir='ltr'><strong>teles</strong></span> <span class='ocrx_word' id='word_1_459' title='bbox 1221 4121 1352 4212; x_wconf 93' lang='lat' dir='ltr'><strong>inquit:</strong></span> <span class='ocrx_word' id='word_1_460' title='bbox 1395 4118 1539 4190; x_wconf 85' lang='lat' dir='ltr'><strong>Raritas</strong></span> <span class='ocrx_word' id='word_1_461' title='bbox 1568 4132 1620 4189; x_wconf 88' lang='lat' dir='ltr'><strong>est</strong></span> <span class='ocrx_word' id='word_1_462' title='bbox 1649 4121 1789 4208; x_wconf 90' lang='lat' dir='ltr'><strong>signum</strong></span> <span class='ocrx_word' id='word_1_463' title='bbox 1823 4120 2085 4203; x_wconf 88' lang='lat' dir='ltr'><strong>imbecillitatis,</strong></span> 
     </span>
     <span class='ocr_line' id='line_1_39' title="bbox 62 4217 1426 4295; baseline 0.001 -10"><span class='ocrx_word' id='word_1_464' title='bbox 62 4242 124 4286; x_wconf 88' lang='lat' dir='ltr'><strong>cus</strong></span> <span class='ocrx_word' id='word_1_465' title='bbox 139 4218 333 4287; x_wconf 88' lang='lat' dir='ltr'><strong>versiculus</strong></span> <span class='ocrx_word' id='word_1_466' title='bbox 350 4231 471 4287; x_wconf 87' lang='lat' dir='ltr'><strong>sonat:</strong></span> <span class='ocrx_word' id='word_1_467' title='bbox 500 4217 614 4285; x_wconf 86' lang='lat' dir='ltr'><strong>Senex</strong></span> <span class='ocrx_word' id='word_1_468' title='bbox 640 4240 765 4287; x_wconf 90' lang='lat' dir='ltr'><strong>amans</strong></span> <span class='ocrx_word' id='word_1_469' title='bbox 787 4229 943 4286; x_wconf 88' lang='lat' dir='ltr'><strong>extrema</strong></span> <span class='ocrx_word' id='word_1_470' title='bbox 964 4219 1050 4287; x_wconf 92' lang='lat' dir='ltr'><strong>stul·</strong></span> <span class='ocrx_word' id='word_1_471' title='bbox 1101 4226 1256 4295; x_wconf 89' lang='lat' dir='ltr'><strong>densitas</strong></span> <span class='ocrx_word' id='word_1_472' title='bbox 1274 4220 1426 4288; x_wconf 90' lang='lat' dir='ltr'><strong>roboris.</strong></span> 
     </span>
     <span class='ocr_line' id='line_1_40' title="bbox 63 4310 2086 4415; baseline 0.003 -29"><span class='ocrx_word' id='word_1_473' title='bbox 63 4319 141 4387; x_wconf 88' lang='lat' dir='ltr'><strong>titia</strong></span> <span class='ocrx_word' id='word_1_474' title='bbox 164 4333 236 4402; x_wconf 90' lang='lat' dir='ltr'><strong>est,</strong></span> <span class='ocrx_word' id='word_1_475' title='bbox 264 4331 329 4388; x_wconf 91' lang='lat' dir='ltr'><strong>etc.</strong></span> <span class='ocrx_word' id='word_1_476' title='bbox 1201 4310 1262 4393; x_wconf 81' lang='lat' dir='ltr'><strong>Vs.</strong></span> <span class='ocrx_word' id='word_1_477' title='bbox 1280 4323 1364 4395; x_wconf 91' lang='grc'><strong>128.</strong></span> <span class='ocrx_word' id='word_1_478' title='bbox 1401 4322 1614 4415; x_wconf 72' lang='lat' dir='ltr'><strong>invalidique</strong></span> <span class='ocrx_word' id='word_1_479' title='bbox 1635 4320 1787 4411; x_wconf 80' lang='lat' dir='ltr'><strong>patrum]</strong></span> <span class='ocrx_word' id='word_1_480' title='bbox 1812 4321 1937 4392; x_wconf 82' lang='lat' dir='ltr'><strong>Fortes</strong></span> <span class='ocrx_word' id='word_1_481' title='bbox 1964 4348 2086 4393; x_wconf 90' lang='lat' dir='ltr'><strong>crean-</strong></span> 
     </span>
     <span class='ocr_line' id='line_1_41' title="bbox 166 4416 2087 4517; baseline 0.005 -32"><span class='ocrx_word' id='word_1_482' title='bbox 166 4420 226 4491; x_wconf 86' lang='lat' dir='ltr'><strong>Vs.</strong></span> <span class='ocrx_word' id='word_1_483' title='bbox 247 4422 330 4490; x_wconf 93' lang='grc'><strong>101.</strong></span> <span class='ocrx_word' id='word_1_484' title='bbox 371 4425 464 4491; x_wconf 85' lang='lat' dir='ltr'><strong>Hinc</strong></span> <span class='ocrx_word' id='word_1_485' title='bbox 484 4416 589 4517; x_wconf 83' lang='lat' dir='ltr'><strong>alius]</strong></span> <span class='ocrx_word' id='word_1_486' title='bbox 622 4419 751 4489; x_wconf 89' lang='lat' dir='ltr'><strong>Postea</strong></span> <span class='ocrx_word' id='word_1_487' title='bbox 775 4417 813 4484; x_wconf 89' lang='lat' dir='ltr'><strong>in</strong></span> <span class='ocrx_word' id='word_1_488' title='bbox 840 4418 1050 4490; x_wconf 87' lang='lat' dir='ltr'><strong>educatione</strong></span> <span class='ocrx_word' id='word_1_489' title='bbox 1102 4440 1160 4496; x_wconf 91' lang='lat' dir='ltr'><strong>tur</strong></span> <span class='ocrx_word' id='word_1_490' title='bbox 1175 4426 1338 4494; x_wconf 85' lang='lat' dir='ltr'><strong>fortibus.</strong></span> <span class='ocrx_word' id='word_1_491' title='bbox 1392 4422 1549 4493; x_wconf 86' lang='lat' dir='ltr'><strong>Galenus</strong></span> <span class='ocrx_word' id='word_1_492' title='bbox 1567 4422 1651 4490; x_wconf 92' lang='lat' dir='ltr'><strong>dicit</strong></span> <span class='ocrx_word' id='word_1_493' title='bbox 1665 4423 1771 4489; x_wconf 89' lang='lat' dir='ltr'><strong>etiam</strong></span> <span class='ocrx_word' id='word_1_494' title='bbox 1788 4426 1933 4495; x_wconf 90' lang='lat' dir='ltr'><strong>morbos</strong></span> <span class='ocrx_word' id='word_1_495' title='bbox 1955 4450 2087 4517; x_wconf 90' lang='lat' dir='ltr'><strong>propa·</strong></span> 
     </span>
     <span class='ocr_line' id='line_1_42' title="bbox 65 4518 2137 4620; baseline 0.004 -30"><span class='ocrx_word' id='word_1_496' title='bbox 65 4524 258 4590; x_wconf 84' lang='lat' dir='ltr'><strong>videndum</strong></span> <span class='ocrx_word' id='word_1_497' title='bbox 285 4536 355 4605; x_wconf 90' lang='lat' dir='ltr'><strong>est,</strong></span> <span class='ocrx_word' id='word_1_498' title='bbox 390 4524 451 4614; x_wconf 89' lang='lat' dir='ltr'><strong>qui</strong></span> <span class='ocrx_word' id='word_1_499' title='bbox 470 4525 541 4592; x_wconf 89' lang='lat' dir='ltr'><strong>sint</strong></span> <span class='ocrx_word' id='word_1_500' title='bbox 566 4522 821 4614; x_wconf 89' lang='lat' dir='ltr'><strong>generosiores.</strong></span> <span class='ocrx_word' id='word_1_501' title='bbox 871 4521 919 4591; x_wconf 87' lang='lat' dir='ltr'><strong>Es</strong></span> <span class='ocrx_word' id='word_1_502' title='bbox 945 4518 1051 4612; x_wconf 90' lang='lat' dir='ltr'><strong>gehet</strong></span> <span class='ocrx_word' id='word_1_503' title='bbox 1102 4527 1439 4620; x_wconf 87' lang='lat' dir='ltr'><strong>gariaparentibns</strong></span> <span class='ocrx_word' id='word_1_504' title='bbox 1457 4525 1496 4594; x_wconf 92' lang='lat' dir='ltr'><strong>in</strong></span> <span class='ocrx_word' id='word_1_505' title='bbox 1514 4525 1657 4605; x_wconf 90' lang='lat' dir='ltr'><strong>liberos,</strong></span> <span class='ocrx_word' id='word_1_506' title='bbox 1685 4525 1774 4593; x_wconf 90' lang='lat' dir='ltr'><strong>sicut</strong></span> <span class='ocrx_word' id='word_1_507' title='bbox 1790 4550 1832 4594; x_wconf 84' lang='lat' dir='ltr'><strong>ex</strong></span> <span class='ocrx_word' id='word_1_508' title='bbox 1849 4529 2087 4598; x_wconf 89' lang='lat' dir='ltr'><strong>comitialibus</strong></span> <span class='ocrx_word' id='word_1_509' title='bbox 2134 4608 2137 4616; x_wconf 28' lang='lat'>¹</span> 
     </span>
     <span class='ocr_line' id='line_1_43' title="bbox 66 4621 2088 4722; baseline 0.004 -31"><span class='ocrx_word' id='word_1_510' title='bbox 66 4621 158 4694; x_wconf 88' lang='lat' dir='ltr'><strong>auch</strong></span> <span class='ocrx_word' id='word_1_511' title='bbox 174 4626 233 4693; x_wconf 88' lang='lat' dir='ltr'><strong>ein</strong></span> <span class='ocrx_word' id='word_1_512' title='bbox 249 4625 470 4714; x_wconf 87' lang='lat' dir='ltr'><strong>plertunder</strong></span> <span class='ocrx_word' id='word_1_513' title='bbox 485 4624 601 4694; x_wconf 90' lang='lat' dir='ltr'><strong>einem</strong></span> <span class='ocrx_word' id='word_1_514' title='bbox 616 4627 755 4705; x_wconf 90' lang='lat' dir='ltr'><strong>besser,</strong></span> <span class='ocrx_word' id='word_1_515' title='bbox 789 4623 840 4692; x_wconf 92' lang='lat' dir='ltr'><strong>als</strong></span> <span class='ocrx_word' id='word_1_516' title='bbox 862 4625 976 4692; x_wconf 89' lang='lat' dir='ltr'><strong>under</strong></span> <span class='ocrx_word' id='word_1_517' title='bbox 1002 4626 1050 4693; x_wconf 92' lang='lat' dir='ltr'><strong>ei·</strong></span> <span class='ocrx_word' id='word_1_518' title='bbox 1101 4631 1263 4722; x_wconf 89' lang='lat' dir='ltr'><strong>patribus</strong></span> <span class='ocrx_word' id='word_1_519' title='bbox 1278 4641 1475 4699; x_wconf 82' lang='lat' dir='ltr'><strong>nascuntur</strong></span> <span class='ocrx_word' id='word_1_520' title='bbox 1500 4627 1696 4696; x_wconf 89' lang='lat' dir='ltr'><strong>comitiales</strong></span> <span class='ocrx_word' id='word_1_521' title='bbox 1718 4627 1781 4694; x_wconf 90' lang='lat' dir='ltr'><strong>lilii</strong></span> <span class='ocrx_word' id='word_1_522' title='bbox 1805 4642 1953 4720; x_wconf 88' lang='lat' dir='ltr'><strong>propter</strong></span> <span class='ocrx_word' id='word_1_523' title='bbox 1976 4630 2088 4701; x_wconf 87' lang='lat' dir='ltr'><strong>imbe-</strong></span> 
     </span>
     <span class='ocr_line' id='line_1_44' title="bbox 65 4725 1452 4819; baseline 0.004 -26"><span class='ocrx_word' id='word_1_524' title='bbox 65 4749 148 4795; x_wconf 84' lang='lat' dir='ltr'><strong>nem</strong></span> <span class='ocrx_word' id='word_1_525' title='bbox 173 4728 342 4795; x_wconf 90' lang='lat' dir='ltr'><strong>anderen.</strong></span> <span class='ocrx_word' id='word_1_526' title='bbox 407 4725 505 4794; x_wconf 86' lang='lat' dir='ltr'><strong>Sicut</strong></span> <span class='ocrx_word' id='word_1_527' title='bbox 524 4750 635 4819; x_wconf 88' lang='lat' dir='ltr'><strong>equus</strong></span> <span class='ocrx_word' id='word_1_528' title='bbox 650 4725 845 4794; x_wconf 83' lang='lat' dir='ltr'><strong>Alexandri</strong></span> <span class='ocrx_word' id='word_1_529' title='bbox 867 4727 1048 4796; x_wconf 89' lang='lat' dir='ltr'><strong>neminem</strong></span> <span class='ocrx_word' id='word_1_530' title='bbox 1102 4734 1282 4802; x_wconf 83' lang='lat' dir='ltr'><strong>cillitatem</strong></span> <span class='ocrx_word' id='word_1_531' title='bbox 1304 4731 1452 4801; x_wconf 84' lang='lat' dir='ltr'><strong>cerebri.</strong></span> 
     </span>
     <span class='ocr_line' id='line_1_45' title="bbox 67 4827 2089 4925; baseline 0.003 -30"><span class='ocrx_word' id='word_1_532' title='bbox 67 4841 120 4897; x_wconf 86' lang='lat' dir='ltr'><strong>est</strong></span> <span class='ocrx_word' id='word_1_533' title='bbox 150 4853 273 4920; x_wconf 89' lang='lat' dir='ltr'><strong>passus</strong></span> <span class='ocrx_word' id='word_1_534' title='bbox 307 4851 500 4909; x_wconf 88' lang='lat' dir='ltr'><strong>sessorem,</strong></span> <span class='ocrx_word' id='word_1_535' title='bbox 540 4828 611 4897; x_wconf 90' lang='lat' dir='ltr'><strong>uisi</strong></span> <span class='ocrx_word' id='word_1_536' title='bbox 643 4829 759 4919; x_wconf 92' lang='lat' dir='ltr'><strong>ipsum</strong></span> <span class='ocrx_word' id='word_1_537' title='bbox 794 4827 1050 4912; x_wconf 82' lang='lat' dir='ltr'><strong>Alexandrum,</strong></span> <span class='ocrx_word' id='word_1_538' title='bbox 1203 4835 1264 4905; x_wconf 87' lang='lat' dir='ltr'><strong>Vs.</strong></span> <span class='ocrx_word' id='word_1_539' title='bbox 1285 4835 1367 4907; x_wconf 88' lang='grc'><strong>129.</strong></span> <span class='ocrx_word' id='word_1_540' title='bbox 1393 4839 1472 4923; x_wconf 80' lang='lat' dir='ltr'><strong>Ipsa</strong></span> <span class='ocrx_word' id='word_1_541' title='bbox 1498 4835 1624 4923; x_wconf 80' lang='lat' dir='ltr'><strong>autem]</strong></span> <span class='ocrx_word' id='word_1_542' title='bbox 1647 4830 1771 4925; x_wconf 87' lang='lat' dir='ltr'><strong>Equae</strong></span> <span class='ocrx_word' id='word_1_543' title='bbox 1791 4857 1866 4902; x_wconf 93' lang='lat' dir='ltr'><strong>non</strong></span> <span class='ocrx_word' id='word_1_544' title='bbox 1891 4847 1974 4904; x_wconf 88' lang='lat' dir='ltr'><strong>sunt</strong></span> <span class='ocrx_word' id='word_1_545' title='bbox 1997 4832 2089 4923; x_wconf 89' lang='lat' dir='ltr'><strong>sagi-</strong></span> 
     </span>
     <span class='ocr_line' id='line_1_46' title="bbox 65 4927 2086 5033; baseline 0.005 -37"><span class='ocrx_word' id='word_1_546' title='bbox 65 4928 152 4997; x_wconf 90' lang='lat' dir='ltr'><strong>item</strong></span> <span class='ocrx_word' id='word_1_547' title='bbox 178 4955 290 5024; x_wconf 89' lang='lat' dir='ltr'><strong>equus</strong></span> <span class='ocrx_word' id='word_1_548' title='bbox 308 4930 347 5000; x_wconf 90' lang='lat' dir='ltr'><strong>C.</strong></span> <span class='ocrx_word' id='word_1_549' title='bbox 365 4927 545 5012; x_wconf 85' lang='lat' dir='ltr'><strong>Caesaris,</strong></span> <span class='ocrx_word' id='word_1_550' title='bbox 581 4941 645 5000; x_wconf 91' lang='lat' dir='ltr'><strong>etc.</strong></span> <span class='ocrx_word' id='word_1_551' title='bbox 696 4929 743 4998; x_wconf 88' lang='grc' dir='ltr'><strong>Ει</strong></span> <span class='ocrx_word' id='word_1_552' title='bbox 765 4944 890 4999; x_wconf 89' lang='lat' dir='ltr'><strong>narrat</strong></span> <span class='ocrx_word' id='word_1_553' title='bbox 912 4931 1051 5001; x_wconf 90' lang='lat' dir='ltr'><strong>Plinius</strong></span> <span class='ocrx_word' id='word_1_554' title='bbox 1102 4939 1264 5019; x_wconf 90' lang='lat' dir='ltr'><strong>nandae,</strong></span> <span class='ocrx_word' id='word_1_555' title='bbox 1291 4939 1374 5030; x_wconf 90' lang='lat' dir='ltr'><strong>quia</strong></span> <span class='ocrx_word' id='word_1_556' title='bbox 1392 4935 1569 5004; x_wconf 83' lang='lat' dir='ltr'><strong>difficilius</strong></span> <span class='ocrx_word' id='word_1_557' title='bbox 1585 4935 1801 5026; x_wconf 89' lang='lat' dir='ltr'><strong>concipiunt.</strong></span> <span class='ocrx_word' id='word_1_558' title='bbox 1904 4929 2086 5033; x_wconf 78' lang='lat' dir='ltr'><strong>Armenta]</strong></span> 
     </span>
     <span class='ocr_line' id='line_1_47' title="bbox 67 5031 1234 5133; baseline 0.003 -35"><span class='ocrx_word' id='word_1_559' title='bbox 67 5034 267 5122; x_wconf 84' lang='lat' dir='ltr'><strong>exemplum</strong></span> <span class='ocrx_word' id='word_1_560' title='bbox 294 5035 337 5100; x_wconf 91' lang='lat' dir='ltr'><strong>de</strong></span> <span class='ocrx_word' id='word_1_561' title='bbox 361 5034 517 5125; x_wconf 89' lang='lat' dir='ltr'><strong>quodam</strong></span> <span class='ocrx_word' id='word_1_562' title='bbox 541 5031 756 5100; x_wconf 88' lang='lat' dir='ltr'><strong>Germanico</strong></span> <span class='ocrx_word' id='word_1_563' title='bbox 778 5033 960 5124; x_wconf 90' lang='lat' dir='ltr'><strong>principe,</strong></span> <span class='ocrx_word' id='word_1_564' title='bbox 989 5034 1051 5126; x_wconf 92' lang='lat' dir='ltr'><strong>qui</strong></span> <span class='ocrx_word' id='word_1_565' title='bbox 1103 5040 1234 5133; x_wconf 70' lang='lat' dir='ltr'><strong>Eques.</strong></span> 
     </span>
     <span class='ocr_line' id='line_1_48' title="bbox 63 5129 2089 5234; baseline 0.003 -33"><span class='ocrx_word' id='word_1_566' title='bbox 63 5129 195 5201; x_wconf 86' lang='lat' dir='ltr'><strong>babuit</strong></span> <span class='ocrx_word' id='word_1_567' title='bbox 207 5160 358 5228; x_wconf 91' lang='lat' dir='ltr'><strong>equum,</strong></span> <span class='ocrx_word' id='word_1_568' title='bbox 385 5147 514 5203; x_wconf 91' lang='lat' dir='ltr'><strong>etcum</strong></span> <span class='ocrx_word' id='word_1_569' title='bbox 532 5132 591 5202; x_wconf 89' lang='lat' dir='ltr'><strong>ille</strong></span> <span class='ocrx_word' id='word_1_570' title='bbox 615 5134 779 5225; x_wconf 91' lang='lat' dir='ltr'><strong>princeps</strong></span> <span class='ocrx_word' id='word_1_571' title='bbox 805 5136 940 5205; x_wconf 89' lang='lat' dir='ltr'><strong>occisus</strong></span> <span class='ocrx_word' id='word_1_572' title='bbox 963 5148 1053 5205; x_wconf 86' lang='lat' dir='ltr'><strong>esset</strong></span> <span class='ocrx_word' id='word_1_573' title='bbox 1204 5140 1264 5211; x_wconf 86' lang='lat' dir='ltr'><strong>Vs.</strong></span> <span class='ocrx_word' id='word_1_574' title='bbox 1285 5140 1368 5209; x_wconf 86' lang='grc'><strong>133.</strong></span> <span class='ocrx_word' id='word_1_575' title='bbox 1395 5132 1791 5234; x_wconf 59' lang='lat' dir='ltr'><strong>communicaremus]</strong></span> <span class='ocrx_word' id='word_1_576' title='bbox 1817 5138 1889 5207; x_wconf 81' lang='lat' dir='ltr'><strong>Alii</strong></span> <span class='ocrx_word' id='word_1_577' title='bbox 1911 5139 2089 5221; x_wconf 91' lang='lat' dir='ltr'><strong>dubitant,</strong></span> 
     </span>
     <span class='ocr_line' id='line_1_49' title="bbox 65 5241 2091 5331; baseline -0.005 -15"><span class='ocrx_word' id='word_1_578' title='bbox 65 5257 274 5274; x_wconf 59' lang='lat'><strong>’‘⁸-</strong></span> <span class='ocrx_word' id='word_1_579' title='bbox 1103 5256 1224 5312; x_wconf 90' lang='lat' dir='ltr'><strong>utrum</strong></span> <span class='ocrx_word' id='word_1_580' title='bbox 1248 5243 1421 5331; x_wconf 89' lang='lat' dir='ltr'><strong>intelligat</strong></span> <span class='ocrx_word' id='word_1_581' title='bbox 1444 5254 1583 5329; x_wconf 85' lang='lat' dir='ltr'><strong>ternpus</strong></span> <span class='ocrx_word' id='word_1_582' title='bbox 1608 5241 1867 5330; x_wconf 76' lang='lat' dir='ltr'><strong>postmodium</strong></span> <span class='ocrx_word' id='word_1_583' title='bbox 1894 5242 2008 5324; x_wconf 91' lang='lat' dir='ltr'><strong>diem,</strong></span> <span class='ocrx_word' id='word_1_584' title='bbox 2043 5262 2091 5307; x_wconf 88' lang='lat' dir='ltr'><strong>an</strong></span> 
     </span>
     <span class='ocr_line' id='line_1_50' title="bbox 103 5317 2090 5436; baseline -0.003 -25"><span class='ocrx_word' id='word_1_585' title='bbox 103 5317 136 5382; x_wconf 61' lang='lat'><strong>⁸)</strong></span> <span class='ocrx_word' id='word_1_586' title='bbox 158 5320 273 5380; x_wconf 60' lang='lat'><strong>⁰⁹⁹⁵⁸²</strong></span> <span class='ocrx_word' id='word_1_587' title='bbox 289 5323 322 5371; x_wconf 71' lang='lat'><strong>‘¹⁶</strong></span> <span class='ocrx_word' id='word_1_588' title='bbox 340 5325 487 5374; x_wconf 61' lang='lat'><strong>”¹¹⁸²³⁰¹¹⁰</strong></span> <span class='ocrx_word' id='word_1_589' title='bbox 505 5327 527 5388; x_wconf 73' lang='lat'><strong>¹⁹</strong></span> <span class='ocrx_word' id='word_1_590' title='bbox 548 5325 604 5376; x_wconf 75' lang='lat'>¹⁸⁶·</span> <span class='ocrx_word' id='word_1_591' title='bbox 624 5325 674 5375; x_wconf 57' lang='grc' dir='ltr'><strong>Μ·</strong></span> <span class='ocrx_word' id='word_1_592' title='bbox 690 5324 847 5375; x_wconf 47' lang='lat' dir='ltr'><strong>&amp;mm</strong></span> <span class='ocrx_word' id='word_1_593' title='bbox 1104 5369 1191 5414; x_wconf 87' lang='lat' dir='ltr'><strong>vero</strong></span> <span class='ocrx_word' id='word_1_594' title='bbox 1223 5358 1363 5436; x_wconf 87' lang='lat' dir='ltr'><strong>tempus</strong></span> <span class='ocrx_word' id='word_1_595' title='bbox 1391 5343 1563 5412; x_wconf 88' lang='lat' dir='ltr'><strong>aestivum</strong></span> <span class='ocrx_word' id='word_1_596' title='bbox 1594 5366 1656 5410; x_wconf 84' lang='lat' dir='ltr'><strong>eeu</strong></span> <span class='ocrx_word' id='word_1_597' title='bbox 1685 5364 1848 5409; x_wconf 79' lang='lat' dir='ltr'><strong>remum.</strong></span> <span class='ocrx_word' id='word_1_598' title='bbox 1919 5341 2003 5410; x_wconf 90' lang='lat' dir='ltr'><strong>Non</strong></span> <span class='ocrx_word' id='word_1_599' title='bbox 2038 5351 2090 5408; x_wconf 90' lang='lat' dir='ltr'><strong>cst</strong></span> 
     </span>
     <span class='ocr_line' id='line_1_51' title="bbox 104 5404 2091 5515; baseline 0.003 -60"><span class='ocrx_word' id='word_1_600' title='bbox 104 5404 155 5471; x_wconf 77' lang='lat'><strong>8¹)</strong></span> <span class='ocrx_word' id='word_1_601' title='bbox 175 5405 462 5470; x_wconf 75' lang='grc' dir='ltr'><strong>ισχίονπιαινουσον]</strong></span> <span class='ocrx_word' id='word_1_602' title='bbox 482 5411 691 5472; x_wconf 66' lang='lat' dir='ltr'><strong>sternutare,</strong></span> <span class='ocrx_word' id='word_1_603' title='bbox 723 5410 854 5474; x_wconf 69' lang='lat' dir='ltr'><strong>Oppiam:</strong></span> <span class='ocrx_word' id='word_1_604' title='bbox 878 5409 956 5476; x_wconf 75' lang='grc' dir='ltr'><em>ἰσχία</em></span> <span class='ocrx_word' id='word_1_605' title='bbox 974 5409 1053 5459; x_wconf 72' lang='lat' dir='ltr'><strong>naat-</strong></span> <span class='ocrx_word' id='word_1_606' title='bbox 1212 5447 1249 5514; x_wconf 69' lang='grc' dir='ltr'><strong>,ΙΙ</strong></span> <span class='ocrx_word' id='word_1_607' title='bbox 1287 5447 1322 5515; x_wconf 72' lang='lat' dir='ltr'><strong>d.</strong></span> <span class='ocrx_word' id='word_1_608' title='bbox 1393 5445 1456 5513; x_wconf 59' lang='grc' dir='ltr'><strong>Ν.</strong></span> <span class='ocrx_word' id='word_1_609' title='bbox 1628 5443 1637 5460; x_wconf 89' lang='grc'><strong>.</strong></span> <span class='ocrx_word' id='word_1_610' title='bbox 1757 5443 1765 5457; x_wconf 90' lang='grc'><strong>.</strong></span> <span class='ocrx_word' id='word_1_611' title='bbox 1842 5439 1884 5507; x_wconf 63' lang='lat'><strong>¹·</strong></span> <span class='ocrx_word' id='word_1_612' title='bbox 1926 5441 1934 5456; x_wconf 85' lang='lat'><strong>·</strong></span> <span class='ocrx_word' id='word_1_613' title='bbox 1963 5453 1978 5509; x_wconf 68' lang='lat' dir='ltr'>t</span> <span class='ocrx_word' id='word_1_614' title='bbox 2038 5440 2091 5509; x_wconf 56' lang='lat' dir='ltr'><strong>l-</strong></span> 
     </span>
     <span class='ocr_line' id='line_1_52' title="bbox 138 5460 2072 5538; baseline -0.008 -15"><span class='ocrx_word' id='word_1_615' title='bbox 138 5487 237 5525; x_wconf 75' lang='grc' dir='ltr'><strong>νουσα.</strong></span> <span class='ocrx_word' id='word_1_616' title='bbox 1105 5471 1222 5538; x_wconf 80' lang='lat' dir='ltr'><strong>opust</strong></span> <span class='ocrx_word' id='word_1_617' title='bbox 1250 5471 1270 5515; x_wconf 89' lang='lat' dir='ltr'><strong>a</strong></span> <span class='ocrx_word' id='word_1_618' title='bbox 1313 5470 1426 5537; x_wconf 82' lang='lat' dir='ltr'><strong>rspua</strong></span> <span class='ocrx_word' id='word_1_619' title='bbox 1447 5467 1548 5521; x_wconf 90' lang='lat' dir='ltr'><strong>rone,</strong></span> <span class='ocrx_word' id='word_1_620' title='bbox 1576 5467 1659 5537; x_wconf 83' lang='lat' dir='ltr'><strong>quta</strong></span> <span class='ocrx_word' id='word_1_621' title='bbox 1684 5466 1785 5533; x_wconf 80' lang='lat' dir='ltr'><strong>equi,</strong></span> <span class='ocrx_word' id='word_1_622' title='bbox 1821 5464 1885 5509; x_wconf 84' lang='grc' dir='ltr'><strong>εει</strong></span> <span class='ocrx_word' id='word_1_623' title='bbox 1906 5465 1962 5510; x_wconf 90' lang='lat' dir='ltr'><strong>srn</strong></span> <span class='ocrx_word' id='word_1_624' title='bbox 1998 5460 2072 5511; x_wconf 77' lang='lat' dir='ltr'><strong>aaa</strong></span> 
     </span>
    </p>
   </div>
   <div class='ocr_carea' id='block_1_7' title="bbox 107 5541 1565 5626">
    <p class='ocr_par' dir='ltr' id='par_1_30' title="bbox 107 5541 1565 5626">
     <span class='ocr_line' id='line_1_53' title="bbox 107 5541 1565 5626; baseline 0.003 -7"><span class='ocrx_word' id='word_1_625' title='bbox 107 5556 291 5622; x_wconf 73' lang='lat' dir='ltr'><strong>Mrnxnrn.</strong></span> <span class='ocrx_word' id='word_1_626' title='bbox 308 5556 413 5623; x_wconf 79' lang='lat' dir='ltr'><strong>om.</strong></span> <span class='ocrx_word' id='word_1_627' title='bbox 443 5559 528 5626; x_wconf 75' lang='lat' dir='ltr'><strong>Vol..</strong></span> <span class='ocrx_word' id='word_1_628' title='bbox 544 5561 633 5626; x_wconf 80' lang='lat' dir='ltr'><strong>XIX.</strong></span> <span class='ocrx_word' id='word_1_629' title='bbox 1514 5541 1565 5615; x_wconf 75' lang='lat'><strong>26</strong></span> 
     </span>
    </p>
   </div>
   <div class='ocr_carea' id='block_1_8' title="bbox 0 0 2406 6240">
    <p class='ocr_par' dir='ltr' id='par_1_31' title="bbox 0 0 2406 6240">
     <span class='ocr_line' id='line_1_54' title="bbox 0 0 2406 6240; baseline 0 0"><span class='ocrx_word' id='word_1_630' title='bbox 0 0 2406 6240; x_wconf 95' lang='lat' dir='ltr'><strong> </strong></span> 
     </span>
    </p>
   </div>
  </div>
 </body>
</html>
