<?xml version="1.0" encoding="UTF-8"?>
<!DOCTYPE html PUBLIC "-//W3C//DTD XHTML 1.0 Transitional//EN"
    "http://www.w3.org/TR/xhtml1/DTD/xhtml1-transitional.dtd">
<html xmlns="http://www.w3.org/1999/xhtml" xml:lang="en" lang="en">
 <head>
  <title>
</title>
<meta http-equiv="Content-Type" content="text/html;charset=utf-8" />
  <meta name='ocr-system' content='tesseract 3.04.00' />
  <meta name='ocr-capabilities' content='ocr_page ocr_carea ocr_par ocr_line ocrx_word'/>
</head>
<body>
  <div class='ocr_page' id='page_1' title='image "./philippimelanth14melagoog_0307.png"; bbox 0 0 4784 6256; ppageno 0'>
   <div class='ocr_carea' id='block_1_1' title="bbox 194 288 2232 459">
    <p class='ocr_par' dir='ltr' id='par_1_1' title="bbox 194 288 2232 459">
     <span class='ocr_line' id='line_1_1' title="bbox 194 288 2232 459; baseline 0.003 -55"><span class='ocrx_word' id='word_1_1' title='bbox 194 336 270 415; x_wconf 71' lang='lat'><strong>5⁸7</strong></span> <span class='ocrx_word' id='word_1_2' title='bbox 775 334 899 409; x_wconf 82' lang='lat' dir='ltr'><strong>eun.</strong></span> <span class='ocrx_word' id='word_1_3' title='bbox 933 335 1046 409; x_wconf 75' lang='lat' dir='ltr'><strong>uas.</strong></span> <span class='ocrx_word' id='word_1_4' title='bbox 1079 333 1282 459; x_wconf 74' lang='lat' dir='ltr'><strong>senum</strong></span> <span class='ocrx_word' id='word_1_5' title='bbox 1312 331 1650 409; x_wconf 72' lang='lat' dir='ltr'><strong>euuosocrcs.</strong></span> <span class='ocrx_word' id='word_1_6' title='bbox 2099 288 2232 420; x_wconf 60' lang='grc' dir='ltr'><strong>(ωε</strong></span> 
     </span>
    </p>
   </div>
   <div class='ocr_carea' id='block_1_2' title="bbox 124 485 2231 1631">
    <p class='ocr_par' dir='ltr' id='par_1_2' title="bbox 124 485 2231 1631">
     <span class='ocr_line' id='line_1_2' title="bbox 197 485 2231 604; baseline 0.004 -20"><span class='ocrx_word' id='word_1_7' title='bbox 197 500 331 584; x_wconf 88' lang='lat' dir='ltr'><strong>docent</strong></span> <span class='ocrx_word' id='word_1_8' title='bbox 344 533 464 582; x_wconf 91' lang='lat' dir='ltr'><strong>sacrae</strong></span> <span class='ocrx_word' id='word_1_9' title='bbox 479 508 639 591; x_wconf 82' lang='lat' dir='ltr'>litterae,</span> <span class='ocrx_word' id='word_1_10' title='bbox 666 528 757 601; x_wconf 90' lang='lat' dir='ltr'><strong>quae</strong></span> <span class='ocrx_word' id='word_1_11' title='bbox 773 485 947 578; x_wconf 73' lang='lat' dir='ltr'><strong>testantur</strong></span> <span class='ocrx_word' id='word_1_12' title='bbox 961 509 1106 599; x_wconf 81' lang='lat' dir='ltr'><strong>angelos</strong></span> <span class='ocrx_word' id='word_1_13' title='bbox 1120 508 1186 577; x_wconf 89' lang='lat' dir='ltr'><strong>sub</strong></span> <span class='ocrx_word' id='word_1_14' title='bbox 1237 500 1394 575; x_wconf 76' lang='lat' dir='ltr'>Achaiae</span> <span class='ocrx_word' id='word_1_15' title='bbox 1418 504 1562 589; x_wconf 88' lang='lat' dir='ltr'><strong>civitas,</strong></span> <span class='ocrx_word' id='word_1_16' title='bbox 1594 507 1719 595; x_wconf 87' lang='lat' dir='ltr'><strong>Protei</strong></span> <span class='ocrx_word' id='word_1_17' title='bbox 1739 510 1876 598; x_wconf 88' lang='lat' dir='ltr'><strong>patria,</strong></span> <span class='ocrx_word' id='word_1_18' title='bbox 1909 510 1948 577; x_wconf 92' lang='lat' dir='ltr'><strong>in</strong></span> <span class='ocrx_word' id='word_1_19' title='bbox 1972 535 2044 604; x_wconf 85' lang='lat' dir='ltr'><strong>qua</strong></span> <span class='ocrx_word' id='word_1_20' title='bbox 2067 516 2231 591; x_wconf 86' lang='lat' dir='ltr'><strong>diversae</strong></span> 
     </span>
     <span class='ocr_line' id='line_1_3' title="bbox 195 605 2230 708; baseline 0.004 -22"><span class='ocrx_word' id='word_1_21' title='bbox 195 614 313 708; x_wconf 89' lang='lat' dir='ltr'><strong>specie</strong></span> <span class='ocrx_word' id='word_1_22' title='bbox 327 608 486 682; x_wconf 91' lang='lat' dir='ltr'><strong>humana</strong></span> <span class='ocrx_word' id='word_1_23' title='bbox 501 634 608 703; x_wconf 87' lang='lat' dir='ltr'><strong>saepe</strong></span> <span class='ocrx_word' id='word_1_24' title='bbox 627 607 813 681; x_wconf 86' lang='lat' dir='ltr'><strong>nobiscum</strong></span> <span class='ocrx_word' id='word_1_25' title='bbox 831 610 980 682; x_wconf 86' lang='lat' dir='ltr'><strong>versari.</strong></span> <span class='ocrx_word' id='word_1_26' title='bbox 1032 605 1186 702; x_wconf 90' lang='lat' dir='ltr'><strong>ldeoque</strong></span> <span class='ocrx_word' id='word_1_27' title='bbox 1239 607 1535 678; x_wconf 78' lang='lat' dir='ltr'>vestimentorum</span> <span class='ocrx_word' id='word_1_28' title='bbox 1554 608 1694 678; x_wconf 90' lang='lat' dir='ltr'><strong>formae</strong></span> <span class='ocrx_word' id='word_1_29' title='bbox 1712 609 1799 678; x_wconf 91' lang='lat' dir='ltr'><strong>olim</strong></span> <span class='ocrx_word' id='word_1_30' title='bbox 1819 611 1973 697; x_wconf 87' lang='lat' dir='ltr'><strong>fiebant,</strong></span> <span class='ocrx_word' id='word_1_31' title='bbox 1999 627 2090 686; x_wconf 87' lang='lat' dir='ltr'><strong>teste</strong></span> <span class='ocrx_word' id='word_1_32' title='bbox 2108 618 2230 695; x_wconf 89' lang='lat' dir='ltr'><strong>Suida.</strong></span> 
     </span>
     <span class='ocr_line' id='line_1_4' title="bbox 194 707 2230 812; baseline 0.006 -26"><span class='ocrx_word' id='word_1_33' title='bbox 194 712 356 809; x_wconf 75' lang='lat' dir='ltr'><strong>hospites</strong></span> <span class='ocrx_word' id='word_1_34' title='bbox 384 713 537 784; x_wconf 85' lang='lat' dir='ltr'><strong>libenter</strong></span> <span class='ocrx_word' id='word_1_35' title='bbox 566 711 791 805; x_wconf 90' lang='lat' dir='ltr'><strong>accipiendos</strong></span> <span class='ocrx_word' id='word_1_36' title='bbox 817 723 854 781; x_wconf 89' lang='lat' dir='ltr'><strong>et</strong></span> <span class='ocrx_word' id='word_1_37' title='bbox 883 707 1090 782; x_wconf 80' lang='lat' dir='ltr'><strong>humaniter</strong></span> <span class='ocrx_word' id='word_1_38' title='bbox 1114 721 1186 779; x_wconf 89' lang='lat' dir='ltr'><strong>tra·</strong></span> <span class='ocrx_word' id='word_1_39' title='bbox 1339 707 1405 779; x_wconf 88' lang='lat' dir='ltr'><strong>Est</strong></span> <span class='ocrx_word' id='word_1_40' title='bbox 1432 722 1467 778; x_wconf 90' lang='lat' dir='ltr'><strong>et</strong></span> <span class='ocrx_word' id='word_1_41' title='bbox 1490 709 1630 779; x_wconf 87' lang='lat' dir='ltr'><strong>erudita</strong></span> <span class='ocrx_word' id='word_1_42' title='bbox 1652 711 1776 782; x_wconf 87' lang='lat' dir='ltr'><strong>Protei</strong></span> <span class='ocrx_word' id='word_1_43' title='bbox 1796 713 1985 805; x_wconf 87' lang='lat' dir='ltr'><strong>allegoria,</strong></span> <span class='ocrx_word' id='word_1_44' title='bbox 2019 742 2116 812; x_wconf 87' lang='lat' dir='ltr'><strong>quae</strong></span> <span class='ocrx_word' id='word_1_45' title='bbox 2137 741 2230 797; x_wconf 79' lang='lat' dir='ltr'><strong>extat</strong></span> 
     </span>
     <span class='ocr_line' id='line_1_5' title="bbox 196 803 2230 907; baseline 0.004 -20"><span class='ocrx_word' id='word_1_46' title='bbox 196 818 345 888; x_wconf 90' lang='lat' dir='ltr'><strong>ctandos</strong></span> <span class='ocrx_word' id='word_1_47' title='bbox 367 837 454 886; x_wconf 89' lang='lat' dir='ltr'><strong>esse.</strong></span> <span class='ocrx_word' id='word_1_48' title='bbox 511 804 714 886; x_wconf 81' lang='lat' dir='ltr'><strong>Verisimile</strong></span> <span class='ocrx_word' id='word_1_49' title='bbox 737 827 790 885; x_wconf 90' lang='lat' dir='ltr'><strong>est</strong></span> <span class='ocrx_word' id='word_1_50' title='bbox 810 825 929 886; x_wconf 91' lang='lat' dir='ltr'><strong>autem</strong></span> <span class='ocrx_word' id='word_1_51' title='bbox 955 809 1051 883; x_wconf 90' lang='lat' dir='ltr'><strong>bunc</strong></span> <span class='ocrx_word' id='word_1_52' title='bbox 1067 808 1185 881; x_wconf 87' lang='lat' dir='ltr'><strong>Phile·</strong></span> <span class='ocrx_word' id='word_1_53' title='bbox 1238 811 1334 903; x_wconf 93' lang='lat' dir='ltr'><strong>apud</strong></span> <span class='ocrx_word' id='word_1_54' title='bbox 1351 803 1511 881; x_wconf 85' lang='lat' dir='ltr'><strong>Caelium</strong></span> <span class='ocrx_word' id='word_1_55' title='bbox 1528 810 1806 903; x_wconf 89' lang='lat' dir='ltr'><strong>Calcagninum,</strong></span> <span class='ocrx_word' id='word_1_56' title='bbox 1842 815 1873 887; x_wconf 91' lang='lat' dir='ltr'><strong>is</strong></span> <span class='ocrx_word' id='word_1_57' title='bbox 1887 839 1952 907; x_wconf 88' lang='lat' dir='ltr'><strong>per</strong></span> <span class='ocrx_word' id='word_1_58' title='bbox 1973 818 2109 891; x_wconf 89' lang='lat' dir='ltr'><strong>Protea</strong></span> <span class='ocrx_word' id='word_1_59' title='bbox 2125 825 2230 899; x_wconf 88' lang='lat' dir='ltr'><strong>intel-</strong></span> 
     </span>
     <span class='ocr_line' id='line_1_6' title="bbox 124 912 2229 1008; baseline 0.005 -20"><span class='ocrx_word' id='word_1_60' title='bbox 124 959 127 967; x_wconf 86' lang='lat'><strong>·</strong></span> <span class='ocrx_word' id='word_1_61' title='bbox 194 942 339 988; x_wconf 91' lang='lat' dir='ltr'><strong>monem</strong></span> <span class='ocrx_word' id='word_1_62' title='bbox 354 916 461 989; x_wconf 86' lang='lat' dir='ltr'><strong>fuisse</strong></span> <span class='ocrx_word' id='word_1_63' title='bbox 478 915 636 988; x_wconf 87' lang='lat' dir='ltr'><strong>villicum</strong></span> <span class='ocrx_word' id='word_1_64' title='bbox 659 917 771 1008; x_wconf 90' lang='lat' dir='ltr'><strong>ipsius</strong></span> <span class='ocrx_word' id='word_1_65' title='bbox 784 915 925 993; x_wconf 82' lang='lat' dir='ltr'><strong>Ovidii;</strong></span> <span class='ocrx_word' id='word_1_66' title='bbox 959 939 1045 984; x_wconf 90' lang='lat' dir='ltr'><strong>nam</strong></span> <span class='ocrx_word' id='word_1_67' title='bbox 1063 915 1112 983; x_wconf 88' lang='lat' dir='ltr'><strong>ita</strong></span> <span class='ocrx_word' id='word_1_68' title='bbox 1128 939 1185 984; x_wconf 90' lang='lat' dir='ltr'><strong>so·</strong></span> <span class='ocrx_word' id='word_1_69' title='bbox 1236 912 1315 1003; x_wconf 85' lang='lat' dir='ltr'><strong>ligit</strong></span> <span class='ocrx_word' id='word_1_70' title='bbox 1331 912 1538 996; x_wconf 86' lang='lat' dir='ltr'><strong>veritatem,</strong></span> <span class='ocrx_word' id='word_1_71' title='bbox 1569 939 1662 1007; x_wconf 88' lang='lat' dir='ltr'><strong>quae</strong></span> <span class='ocrx_word' id='word_1_72' title='bbox 1684 916 1724 984; x_wconf 92' lang='lat' dir='ltr'><strong>in</strong></span> <span class='ocrx_word' id='word_1_73' title='bbox 1746 915 1870 988; x_wconf 92' lang='lat' dir='ltr'><strong>abdito</strong></span> <span class='ocrx_word' id='word_1_74' title='bbox 1893 919 2007 991; x_wconf 88' lang='lat' dir='ltr'><strong>latens</strong></span> <span class='ocrx_word' id='word_1_75' title='bbox 2028 947 2102 993; x_wconf 91' lang='lat' dir='ltr'><strong>non</strong></span> <span class='ocrx_word' id='word_1_76' title='bbox 2121 929 2229 1002; x_wconf 85' lang='lat' dir='ltr'><strong>facile</strong></span> 
     </span>
     <span class='ocr_line' id='line_1_7' title="bbox 193 1010 2227 1113; baseline 0.005 -26"><span class='ocrx_word' id='word_1_77' title='bbox 193 1020 271 1105; x_wconf 75' lang='lat' dir='ltr'><strong>lent</strong></span> <span class='ocrx_word' id='word_1_78' title='bbox 300 1030 427 1111; x_wconf 89' lang='lat' dir='ltr'><strong>poetae</strong></span> <span class='ocrx_word' id='word_1_79' title='bbox 459 1018 642 1090; x_wconf 90' lang='lat' dir='ltr'><strong>interdum</strong></span> <span class='ocrx_word' id='word_1_80' title='bbox 674 1043 757 1088; x_wconf 89' lang='lat' dir='ltr'><strong>suos</strong></span> <span class='ocrx_word' id='word_1_81' title='bbox 788 1018 967 1087; x_wconf 89' lang='lat' dir='ltr'><strong>celebrare</strong></span> <span class='ocrx_word' id='word_1_82' title='bbox 999 1015 1184 1087; x_wconf 81' lang='lat' dir='ltr'><strong>occasione</strong></span> <span class='ocrx_word' id='word_1_83' title='bbox 1236 1026 1355 1107; x_wconf 89' lang='lat' dir='ltr'><strong>potest</strong></span> <span class='ocrx_word' id='word_1_84' title='bbox 1371 1010 1608 1106; x_wconf 88' lang='lat' dir='ltr'><strong>deprehendi;</strong></span> <span class='ocrx_word' id='word_1_85' title='bbox 1643 1030 1750 1113; x_wconf 87' lang='lat' dir='ltr'><strong>atque</strong></span> <span class='ocrx_word' id='word_1_86' title='bbox 1763 1019 1833 1103; x_wconf 90' lang='lat' dir='ltr'><strong>ait,</strong></span> <span class='ocrx_word' id='word_1_87' title='bbox 1857 1020 1959 1092; x_wconf 91' lang='lat' dir='ltr'><strong>illum</strong></span> <span class='ocrx_word' id='word_1_88' title='bbox 1975 1019 2043 1095; x_wconf 92' lang='lat' dir='ltr'><strong>hac</strong></span> <span class='ocrx_word' id='word_1_89' title='bbox 2058 1029 2102 1096; x_wconf 91' lang='lat' dir='ltr'><strong>de</strong></span> <span class='ocrx_word' id='word_1_90' title='bbox 2116 1054 2227 1104; x_wconf 74' lang='lat' dir='ltr'><strong>causa</strong></span> 
     </span>
     <span class='ocr_line' id='line_1_8' title="bbox 194 1115 2226 1219; baseline 0.008 -29"><span class='ocrx_word' id='word_1_91' title='bbox 194 1122 292 1193; x_wconf 92' lang='lat' dir='ltr'><strong>data.</strong></span> <span class='ocrx_word' id='word_1_92' title='bbox 360 1120 412 1189; x_wconf 80' lang='lat' dir='ltr'><strong>Ac</strong></span> <span class='ocrx_word' id='word_1_93' title='bbox 440 1118 585 1189; x_wconf 87' lang='lat' dir='ltr'><strong>videtur</strong></span> <span class='ocrx_word' id='word_1_94' title='bbox 609 1119 761 1192; x_wconf 90' lang='lat' dir='ltr'><strong>Ovidius</strong></span> <span class='ocrx_word' id='word_1_95' title='bbox 784 1115 900 1189; x_wconf 91' lang='lat' dir='ltr'><strong>hilari·</strong></span> <span class='ocrx_word' id='word_1_96' title='bbox 918 1120 1040 1188; x_wconf 91' lang='lat' dir='ltr'><strong>animo</strong></span> <span class='ocrx_word' id='word_1_97' title='bbox 1065 1118 1184 1203; x_wconf 84' lang='lat' dir='ltr'><strong>fuisse,</strong></span> <span class='ocrx_word' id='word_1_98' title='bbox 1235 1117 1322 1208; x_wconf 86' lang='lat' dir='ltr'><strong>fingi</strong></span> <span class='ocrx_word' id='word_1_99' title='bbox 1347 1115 1386 1184; x_wconf 90' lang='lat' dir='ltr'><strong>in</strong></span> <span class='ocrx_word' id='word_1_100' title='bbox 1407 1130 1513 1187; x_wconf 90' lang='lat' dir='ltr'><strong>antro</strong></span> <span class='ocrx_word' id='word_1_101' title='bbox 1535 1119 1821 1205; x_wconf 85' lang='lat' dir='ltr'><strong>obdormiscere,</strong></span> <span class='ocrx_word' id='word_1_102' title='bbox 1865 1135 1901 1193; x_wconf 91' lang='lat' dir='ltr'><strong>et</strong></span> <span class='ocrx_word' id='word_1_103' title='bbox 1927 1124 2226 1219; x_wconf 88' lang='lat' dir='ltr'><strong>comprehensum</strong></span> 
     </span>
     <span class='ocr_line' id='line_1_9' title="bbox 196 1208 2224 1319; baseline 0.008 -28"><span class='ocrx_word' id='word_1_104' title='bbox 196 1247 276 1292; x_wconf 91' lang='lat' dir='ltr'><strong>cum</strong></span> <span class='ocrx_word' id='word_1_105' title='bbox 293 1208 569 1292; x_wconf 42' lang='lat' dir='ltr'><strong>scriberet&#39;hanc</strong></span> <span class='ocrx_word' id='word_1_106' title='bbox 586 1221 757 1291; x_wconf 90' lang='lat' dir='ltr'><strong>fabulam.</strong></span> <span class='ocrx_word' id='word_1_107' title='bbox 809 1218 995 1312; x_wconf 82' lang='lat' dir='ltr'><strong>Descripta</strong></span> <span class='ocrx_word' id='word_1_108' title='bbox 1011 1235 1065 1292; x_wconf 91' lang='lat' dir='ltr'><strong>est</strong></span> <span class='ocrx_word' id='word_1_109' title='bbox 1087 1220 1183 1289; x_wconf 88' lang='lat' dir='ltr'><strong>enim</strong></span> <span class='ocrx_word' id='word_1_110' title='bbox 1236 1242 1321 1288; x_wconf 85' lang='lat' dir='ltr'><strong>vera</strong></span> <span class='ocrx_word' id='word_1_111' title='bbox 1352 1217 1488 1298; x_wconf 82' lang='lat' dir='ltr'><strong>‹licere;</strong></span> <span class='ocrx_word' id='word_1_112' title='bbox 1530 1219 1569 1288; x_wconf 93' lang='lat' dir='ltr'><strong>in</strong></span> <span class='ocrx_word' id='word_1_113' title='bbox 1594 1221 1712 1294; x_wconf 87' lang='lat' dir='ltr'><strong>varias</strong></span> <span class='ocrx_word' id='word_1_114' title='bbox 1741 1236 1861 1295; x_wconf 89' lang='lat' dir='ltr'><strong>autem</strong></span> <span class='ocrx_word' id='word_1_115' title='bbox 1891 1229 2046 1300; x_wconf 87' lang='lat' dir='ltr'><strong>transire</strong></span> <span class='ocrx_word' id='word_1_116' title='bbox 2078 1233 2224 1319; x_wconf 89' lang='lat' dir='ltr'><strong>formas,</strong></span> 
     </span>
     <span class='ocr_line' id='line_1_10' title="bbox 193 1318 2224 1424; baseline 0.008 -32"><span class='ocrx_word' id='word_1_117' title='bbox 193 1324 387 1393; x_wconf 88' lang='lat' dir='ltr'><strong>admodum</strong></span> <span class='ocrx_word' id='word_1_118' title='bbox 401 1322 520 1414; x_wconf 92' lang='lat' dir='ltr'><strong>lepide</strong></span> <span class='ocrx_word' id='word_1_119' title='bbox 536 1334 571 1391; x_wconf 92' lang='lat' dir='ltr'><strong>et</strong></span> <span class='ocrx_word' id='word_1_120' title='bbox 586 1323 727 1407; x_wconf 86' lang='lat' dir='ltr'><strong>festive,</strong></span> <span class='ocrx_word' id='word_1_121' title='bbox 759 1318 939 1417; x_wconf 89' lang='lat' dir='ltr'><strong>habetque</strong></span> <span class='ocrx_word' id='word_1_122' title='bbox 963 1324 1093 1394; x_wconf 89' lang='lat' dir='ltr'><strong>multas</strong></span> <span class='ocrx_word' id='word_1_123' title='bbox 1118 1319 1184 1414; x_wconf 93' lang='lat' dir='ltr'><strong>hy·</strong></span> <span class='ocrx_word' id='word_1_124' title='bbox 1236 1321 1335 1414; x_wconf 91' lang='lat' dir='ltr'><strong>quia,</strong></span> <span class='ocrx_word' id='word_1_125' title='bbox 1348 1322 1433 1390; x_wconf 88' lang='lat' dir='ltr'><strong>dum</strong></span> <span class='ocrx_word' id='word_1_126' title='bbox 1450 1320 1634 1413; x_wconf 78' lang='lat' dir='ltr'><strong>ingenium</strong></span> <span class='ocrx_word' id='word_1_127' title='bbox 1649 1325 1695 1393; x_wconf 91' lang='lat' dir='ltr'><strong>ad</strong></span> <span class='ocrx_word' id='word_1_128' title='bbox 1711 1325 1899 1397; x_wconf 90' lang='lat' dir='ltr'><strong>veritatem</strong></span> <span class='ocrx_word' id='word_1_129' title='bbox 1914 1328 2162 1424; x_wconf 87' lang='lat' dir='ltr'><strong>indagandam</strong></span> <span class='ocrx_word' id='word_1_130' title='bbox 2170 1364 2224 1409; x_wconf 92' lang='lat' dir='ltr'><strong>ra-</strong></span> 
     </span>
     <span class='ocr_line' id='line_1_11' title="bbox 192 1421 2223 1530; baseline 0.008 -36"><span class='ocrx_word' id='word_1_131' title='bbox 192 1438 387 1519; x_wconf 88' lang='lat' dir='ltr'><strong>potyposes</strong></span> <span class='ocrx_word' id='word_1_132' title='bbox 402 1437 503 1517; x_wconf 91' lang='lat' dir='ltr'><strong>aptas</strong></span> <span class='ocrx_word' id='word_1_133' title='bbox 519 1435 555 1492; x_wconf 93' lang='lat' dir='ltr'><strong>et</strong></span> <span class='ocrx_word' id='word_1_134' title='bbox 569 1424 762 1507; x_wconf 89' lang='lat' dir='ltr'><strong>iucundas,</strong></span> <span class='ocrx_word' id='word_1_135' title='bbox 789 1425 918 1518; x_wconf 89' lang='lat' dir='ltr'><strong>quibus</strong></span> <span class='ocrx_word' id='word_1_136' title='bbox 936 1426 1065 1494; x_wconf 90' lang='lat' dir='ltr'><strong>decore</strong></span> <span class='ocrx_word' id='word_1_137' title='bbox 1084 1425 1184 1493; x_wconf 84' lang='lat' dir='ltr'><strong>effin-</strong></span> <span class='ocrx_word' id='word_1_138' title='bbox 1235 1421 1334 1492; x_wconf 87' lang='lat' dir='ltr'><strong>tione</strong></span> <span class='ocrx_word' id='word_1_139' title='bbox 1349 1421 1509 1506; x_wconf 89' lang='lat' dir='ltr'><strong>ducitur,</strong></span> <span class='ocrx_word' id='word_1_140' title='bbox 1535 1424 1656 1494; x_wconf 88' lang='lat' dir='ltr'><strong>variae</strong></span> <span class='ocrx_word' id='word_1_141' title='bbox 1672 1425 1839 1499; x_wconf 88' lang='lat' dir='ltr'><strong>oriuntur</strong></span> <span class='ocrx_word' id='word_1_142' title='bbox 1854 1432 2012 1519; x_wconf 87' lang='lat' dir='ltr'><strong>formae,</strong></span> <span class='ocrx_word' id='word_1_143' title='bbox 2049 1463 2140 1530; x_wconf 89' lang='lat' dir='ltr'><strong>quae</strong></span> <span class='ocrx_word' id='word_1_144' title='bbox 2166 1468 2223 1510; x_wconf 84' lang='lat' dir='ltr'><strong>ve-</strong></span> 
     </span>
     <span class='ocr_line' id='line_1_12' title="bbox 192 1522 2222 1631; baseline 0.01 -37"><span class='ocrx_word' id='word_1_145' title='bbox 192 1528 288 1619; x_wconf 90' lang='lat' dir='ltr'><strong>gitur</strong></span> <span class='ocrx_word' id='word_1_146' title='bbox 312 1539 430 1618; x_wconf 89' lang='lat' dir='ltr'><strong>gestus</strong></span> <span class='ocrx_word' id='word_1_147' title='bbox 450 1525 619 1596; x_wconf 89' lang='lat' dir='ltr'><strong>Baucidis</strong></span> <span class='ocrx_word' id='word_1_148' title='bbox 641 1527 760 1617; x_wconf 82' lang='lat' dir='ltr'><strong>ignem</strong></span> <span class='ocrx_word' id='word_1_149' title='bbox 783 1526 987 1607; x_wconf 83' lang='lat' dir='ltr'><strong>excitantis,</strong></span> <span class='ocrx_word' id='word_1_150' title='bbox 1014 1540 1049 1595; x_wconf 93' lang='lat' dir='ltr'><strong>et</strong></span> <span class='ocrx_word' id='word_1_151' title='bbox 1064 1522 1182 1596; x_wconf 86' lang='lat' dir='ltr'><strong>Phile·</strong></span> <span class='ocrx_word' id='word_1_152' title='bbox 1236 1524 1351 1594; x_wconf 90' lang='lat' dir='ltr'><strong>ritatis</strong></span> <span class='ocrx_word' id='word_1_153' title='bbox 1365 1524 1519 1616; x_wconf 89' lang='lat' dir='ltr'><strong>speciem</strong></span> <span class='ocrx_word' id='word_1_154' title='bbox 1532 1522 1687 1613; x_wconf 86' lang='lat' dir='ltr'><strong>habent,</strong></span> <span class='ocrx_word' id='word_1_155' title='bbox 1713 1525 1783 1601; x_wconf 92' lang='lat' dir='ltr'><strong>hoc</strong></span> <span class='ocrx_word' id='word_1_156' title='bbox 1796 1546 1869 1616; x_wconf 82' lang='lat' dir='ltr'><strong>cst,</strong></span> <span class='ocrx_word' id='word_1_157' title='bbox 1891 1535 2001 1608; x_wconf 88' lang='lat' dir='ltr'><strong>falsae</strong></span> <span class='ocrx_word' id='word_1_158' title='bbox 2022 1541 2222 1631; x_wconf 81' lang='lat' dir='ltr'><strong>opiniones,</strong></span> 
     </span>
    </p>
   </div>
   <div class='ocr_carea' id='block_1_3' title="bbox 181 1625 1182 2059">
    <p class='ocr_par' dir='ltr' id='par_1_3' title="bbox 189 1625 1021 1722">
     <span class='ocr_line' id='line_1_13' title="bbox 189 1625 1021 1722; baseline -0.006 -22"><span class='ocrx_word' id='word_1_159' title='bbox 189 1629 310 1700; x_wconf 88' lang='lat' dir='ltr'><strong>monis</strong></span> <span class='ocrx_word' id='word_1_160' title='bbox 326 1628 466 1698; x_wconf 91' lang='lat' dir='ltr'><strong>bicorni</strong></span> <span class='ocrx_word' id='word_1_161' title='bbox 480 1630 581 1717; x_wconf 77' lang='lat' dir='ltr'><strong>furca</strong></span> <span class='ocrx_word' id='word_1_162' title='bbox 598 1628 750 1698; x_wconf 86' lang='lat' dir='ltr'><strong>levantis</strong></span> <span class='ocrx_word' id='word_1_163' title='bbox 771 1625 850 1722; x_wconf 83' lang='lat' dir='ltr'><strong>(Vs.</strong></span> <span class='ocrx_word' id='word_1_164' title='bbox 866 1625 989 1722; x_wconf 82' lang='lat'><strong>648.):</strong></span> <span class='ocrx_word' id='word_1_165' title='bbox 1019 1650 1021 1654; x_wconf 73' lang='grc'>’</span> 
     </span>
    </p>

    <p class='ocr_par' dir='ltr' id='par_1_4' title="bbox 181 1721 1182 2059">
     <span class='ocr_line' id='line_1_14' title="bbox 181 1721 1105 1838; baseline -0.004 -18"><span class='ocrx_word' id='word_1_166' title='bbox 181 1721 184 1727; x_wconf 32' lang='lat'><strong><em>¹</em></strong></span> <span class='ocrx_word' id='word_1_167' title='bbox 241 1751 392 1821; x_wconf 82' lang='lat' dir='ltr'><strong>Sordida</strong></span> <span class='ocrx_word' id='word_1_168' title='bbox 407 1756 502 1835; x_wconf 65' lang='lat' dir='ltr'><strong>erpa</strong></span> <span class='ocrx_word' id='word_1_169' title='bbox 515 1730 607 1827; x_wconf 75' lang='lat' dir='ltr'><strong>suis,</strong></span> <span class='ocrx_word' id='word_1_170' title='bbox 637 1749 736 1835; x_wconf 79' lang='lat' dir='ltr'><strong>nipro</strong></span> <span class='ocrx_word' id='word_1_171' title='bbox 748 1749 930 1833; x_wconf 81' lang='lat' dir='ltr'><strong>pendentia</strong></span> <span class='ocrx_word' id='word_1_172' title='bbox 948 1743 1105 1838; x_wconf 55' lang='lat' dir='ltr'><strong>tignum).</strong></span> 
     </span>
     <span class='ocr_line' id='line_1_15' title="bbox 189 1863 1182 1956; baseline -0.004 -21"><span class='ocrx_word' id='word_1_173' title='bbox 189 1863 279 1935; x_wconf 89' lang='lat' dir='ltr'><strong>ltem</strong></span> <span class='ocrx_word' id='word_1_174' title='bbox 293 1888 378 1935; x_wconf 90' lang='lat' dir='ltr'><strong>cura</strong></span> <span class='ocrx_word' id='word_1_175' title='bbox 396 1865 626 1934; x_wconf 89' lang='lat' dir='ltr'><strong>collocandae</strong></span> <span class='ocrx_word' id='word_1_176' title='bbox 648 1886 813 1948; x_wconf 87' lang='lat' dir='ltr'><strong>mensae,</strong></span> <span class='ocrx_word' id='word_1_177' title='bbox 846 1864 904 1935; x_wconf 90' lang='lat' dir='ltr'><strong>cui</strong></span> <span class='ocrx_word' id='word_1_178' title='bbox 926 1877 1003 1934; x_wconf 90' lang='lat' dir='ltr'><strong>erat</strong></span> <span class='ocrx_word' id='word_1_179' title='bbox 1024 1888 1087 1956; x_wconf 90' lang='lat' dir='ltr'><strong>pes</strong></span> <span class='ocrx_word' id='word_1_180' title='bbox 1112 1876 1182 1932; x_wconf 90' lang='lat' dir='ltr'><strong>ter-</strong></span> 
     </span>
     <span class='ocr_line' id='line_1_16' title="bbox 189 1961 1182 2059; baseline -0.004 -22"><span class='ocrx_word' id='word_1_181' title='bbox 189 1968 262 2038; x_wconf 91' lang='lat' dir='ltr'><strong>tius</strong></span> <span class='ocrx_word' id='word_1_182' title='bbox 275 1967 412 2058; x_wconf 88' lang='lat' dir='ltr'><strong>impar,</strong></span> <span class='ocrx_word' id='word_1_183' title='bbox 438 1977 526 2037; x_wconf 90' lang='lat' dir='ltr'><strong>testa</strong></span> <span class='ocrx_word' id='word_1_184' title='bbox 539 1987 664 2057; x_wconf 91' lang='lat' dir='ltr'><strong>parem</strong></span> <span class='ocrx_word' id='word_1_185' title='bbox 689 1964 783 2036; x_wconf 87' lang='lat' dir='ltr'><strong>fecit.</strong></span> <span class='ocrx_word' id='word_1_186' title='bbox 841 1966 897 2035; x_wconf 79' lang='lat' dir='ltr'><strong>Ad</strong></span> <span class='ocrx_word' id='word_1_187' title='bbox 919 1961 1007 2036; x_wconf 92' lang='lat' dir='ltr'><strong>haec</strong></span> <span class='ocrx_word' id='word_1_188' title='bbox 1030 1988 1182 2059; x_wconf 91' lang='lat' dir='ltr'><strong>appara-</strong></span> 
     </span>
    </p>
   </div>
   <div class='ocr_carea' id='block_1_4' title="bbox 190 2060 1181 2263">
    <p class='ocr_par' dir='ltr' id='par_1_5' title="bbox 190 2060 1181 2263">
     <span class='ocr_line' id='line_1_17' title="bbox 190 2060 1181 2160; baseline 0 -22"><span class='ocrx_word' id='word_1_189' title='bbox 190 2082 248 2140; x_wconf 89' lang='lat' dir='ltr'><strong>tus</strong></span> <span class='ocrx_word' id='word_1_190' title='bbox 264 2068 416 2139; x_wconf 87' lang='lat' dir='ltr'><strong>rusticus</strong></span> <span class='ocrx_word' id='word_1_191' title='bbox 433 2078 468 2136; x_wconf 93' lang='lat' dir='ltr'><strong>et</strong></span> <span class='ocrx_word' id='word_1_192' title='bbox 488 2066 654 2157; x_wconf 88' lang='lat' dir='ltr'><strong>frugalis,</strong></span> <span class='ocrx_word' id='word_1_193' title='bbox 684 2060 891 2138; x_wconf 91' lang='lat' dir='ltr'><strong>humanitas</strong></span> <span class='ocrx_word' id='word_1_194' title='bbox 911 2093 993 2160; x_wconf 89' lang='lat' dir='ltr'><strong>erga</strong></span> <span class='ocrx_word' id='word_1_195' title='bbox 1010 2064 1181 2160; x_wconf 87' lang='lat' dir='ltr'><strong>hospites,</strong></span> 
     </span>
     <span class='ocr_line' id='line_1_18' title="bbox 191 2165 1181 2263; baseline -0.001 -23"><span class='ocrx_word' id='word_1_196' title='bbox 191 2165 477 2263; x_wconf 71' lang='lat' dir='ltr'><strong>et&#39;hypotyposis</strong></span> <span class='ocrx_word' id='word_1_197' title='bbox 493 2168 552 2236; x_wconf 94' lang='lat' dir='ltr'><strong>illa</strong></span> <span class='ocrx_word' id='word_1_198' title='bbox 570 2167 908 2253; x_wconf 84' lang='lat' dir='ltr'><strong>anserisvelocitate</strong></span> <span class='ocrx_word' id='word_1_199' title='bbox 922 2195 986 2240; x_wconf 90' lang='lat' dir='ltr'><strong>sua</strong></span> <span class='ocrx_word' id='word_1_200' title='bbox 999 2169 1181 2262; x_wconf 82' lang='lat' dir='ltr'><strong>fatigantis</strong></span> 
     </span>
    </p>
   </div>
   <div class='ocr_carea' id='block_1_5' title="bbox 189 2269 604 2363">
    <p class='ocr_par' dir='ltr' id='par_1_6' title="bbox 189 2269 604 2363">
     <span class='ocr_line' id='line_1_19' title="bbox 189 2269 604 2363; baseline -0.017 -20"><span class='ocrx_word' id='word_1_201' title='bbox 189 2296 292 2344; x_wconf 91' lang='lat' dir='ltr'><strong>senes</strong></span> <span class='ocrx_word' id='word_1_202' title='bbox 313 2269 408 2363; x_wconf 82' lang='lat' dir='ltr'><strong>(Vss.</strong></span> <span class='ocrx_word' id='word_1_203' title='bbox 426 2270 502 2340; x_wconf 81' lang='lat'><strong>686</strong></span> <span class='ocrx_word' id='word_1_204' title='bbox 516 2269 604 2362; x_wconf 86' lang='lat' dir='ltr'><strong>sq.):</strong></span> 
     </span>
    </p>
   </div>
   <div class='ocr_carea' id='block_1_6' title="bbox 242 2387 954 2583">
    <p class='ocr_par' dir='ltr' id='par_1_7' title="bbox 242 2387 954 2583">
     <span class='ocr_line' id='line_1_20' title="bbox 242 2387 954 2480; baseline -0.001 -19"><span class='ocrx_word' id='word_1_205' title='bbox 242 2392 306 2462; x_wconf 76' lang='lat' dir='ltr'><strong>lue</strong></span> <span class='ocrx_word' id='word_1_206' title='bbox 320 2391 408 2459; x_wconf 82' lang='lat' dir='ltr'><strong>celer</strong></span> <span class='ocrx_word' id='word_1_207' title='bbox 416 2412 550 2476; x_wconf 65' lang='lat' dir='ltr'><strong>perna,</strong></span> <span class='ocrx_word' id='word_1_208' title='bbox 576 2391 693 2458; x_wconf 83' lang='lat' dir='ltr'><strong>tardos</strong></span> <span class='ocrx_word' id='word_1_209' title='bbox 708 2397 817 2458; x_wconf 72' lang='lat' dir='ltr'><strong>newte</strong></span> <span class='ocrx_word' id='word_1_210' title='bbox 826 2387 954 2480; x_wconf 69' lang='lat' dir='ltr'><strong>fatigat</strong></span> 
     </span>
     <span class='ocr_line' id='line_1_21' title="bbox 244 2486 515 2583; baseline -0.015 -22"><span class='ocrx_word' id='word_1_211' title='bbox 244 2486 423 2583; x_wconf 79' lang='lat' dir='ltr'><strong>Eluditqne</strong></span> <span class='ocrx_word' id='word_1_212' title='bbox 443 2493 515 2561; x_wconf 84' lang='lat' dir='ltr'><strong>din.</strong></span> 
     </span>
    </p>
   </div>
   <div class='ocr_carea' id='block_1_7' title="bbox 546 2671 820 2767">
    <p class='ocr_par' dir='ltr' id='par_1_8' title="bbox 546 2671 820 2767">
     <span class='ocr_line' id='line_1_22' title="bbox 546 2671 820 2767; baseline 0.004 -26"><span class='ocrx_word' id='word_1_213' title='bbox 546 2671 820 2767; x_wconf 79' lang='lat' dir='ltr'><strong>Proteus¹⁹).</strong></span> 
     </span>
    </p>
   </div>
   <div class='ocr_carea' id='block_1_8' title="bbox 173 2801 1178 3205">
    <p class='ocr_par' dir='ltr' id='par_1_9' title="bbox 173 2801 1178 3205">
     <span class='ocr_line' id='line_1_23' title="bbox 292 2801 1177 2897; baseline 0 -23"><span class='ocrx_word' id='word_1_214' title='bbox 292 2801 596 2897; x_wconf 85' lang='lat' dir='ltr'><strong>Metamorphosis</strong></span> <span class='ocrx_word' id='word_1_215' title='bbox 615 2805 739 2877; x_wconf 89' lang='lat' dir='ltr'><strong>Protei</strong></span> <span class='ocrx_word' id='word_1_216' title='bbox 755 2831 830 2878; x_wconf 89' lang='lat' dir='ltr'><strong>uon</strong></span> <span class='ocrx_word' id='word_1_217' title='bbox 845 2808 963 2879; x_wconf 90' lang='lat' dir='ltr'><strong>minus</strong></span> <span class='ocrx_word' id='word_1_218' title='bbox 986 2831 1029 2895; x_wconf 86' lang='lat' dir='ltr'><strong>ya</strong></span> <span class='ocrx_word' id='word_1_219' title='bbox 1052 2807 1104 2879; x_wconf 89' lang='lat' dir='ltr'><strong>ias</strong></span> <span class='ocrx_word' id='word_1_220' title='bbox 1128 2808 1177 2875; x_wconf 92' lang='lat' dir='ltr'><strong>al·</strong></span> 
     </span>
     <span class='ocr_line' id='line_1_24' title="bbox 187 2832 1178 3013; baseline -0.003 -33"><span class='ocrx_word' id='word_1_221' title='bbox 187 2907 363 3001; x_wconf 89' lang='lat' dir='ltr'><strong>legurias,</strong></span> <span class='ocrx_word' id='word_1_222' title='bbox 392 2932 501 3002; x_wconf 83' lang='lat' dir='ltr'><strong>quarn</strong></span> <span class='ocrx_word' id='word_1_223' title='bbox 525 2909 600 3000; x_wconf 89' lang='lat' dir='ltr'><strong>ipse</strong></span> <span class='ocrx_word' id='word_1_224' title='bbox 622 2909 757 3013; x_wconf 78' lang='lat' dir='ltr'><strong>forpras</strong></span> <span class='ocrx_word' id='word_1_225' title='bbox 782 2908 919 3001; x_wconf 89' lang='lat' dir='ltr'><strong>recipit.</strong></span> <span class='ocrx_word' id='word_1_226' title='bbox 972 2832 1178 2978; x_wconf 64' lang='grc' dir='ltr'><strong>11εὲιεῦἱο-</strong></span> 
     </span>
     <span class='ocr_line' id='line_1_25' title="bbox 173 2999 1176 3105; baseline -0.001 -24"><span class='ocrx_word' id='word_1_227' title='bbox 173 2999 299 3082; x_wconf 63' lang='lat' dir='ltr'><strong>&#39;dorus</strong></span> <span class='ocrx_word' id='word_1_228' title='bbox 316 3006 510 3105; x_wconf 72' lang='lat' dir='ltr'><strong>Siculus”)</strong></span> <span class='ocrx_word' id='word_1_229' title='bbox 534 3011 680 3100; x_wconf 82' lang='lat' dir='ltr'><strong>exponit</strong></span> <span class='ocrx_word' id='word_1_230' title='bbox 704 3013 748 3080; x_wconf 92' lang='lat' dir='ltr'><strong>de</strong></span> <span class='ocrx_word' id='word_1_231' title='bbox 772 3013 946 3082; x_wconf 85' lang='lat' dir='ltr'><strong>varietate</strong></span> <span class='ocrx_word' id='word_1_232' title='bbox 969 3011 1176 3103; x_wconf 88' lang='lat' dir='ltr'><strong>insignium,</strong></span> 
     </span>
     <span class='ocr_line' id='line_1_26' title="bbox 189 3109 1176 3205; baseline 0.003 -26"><span class='ocrx_word' id='word_1_233' title='bbox 189 3113 319 3205; x_wconf 82' lang='lat' dir='ltr'><strong>quibus</strong></span> <span class='ocrx_word' id='word_1_234' title='bbox 333 3109 504 3191; x_wconf 85' lang='lat' dir='ltr'><strong>Proteus,</strong></span> <span class='ocrx_word' id='word_1_235' title='bbox 529 3110 683 3202; x_wconf 78' lang='lat' dir='ltr'><strong>Aegypti</strong></span> <span class='ocrx_word' id='word_1_236' title='bbox 699 3136 782 3192; x_wconf 86' lang='lat' dir='ltr'><strong>rex,</strong></span> <span class='ocrx_word' id='word_1_237' title='bbox 816 3137 917 3182; x_wconf 86' lang='lat' dir='ltr'><strong>more</strong></span> <span class='ocrx_word' id='word_1_238' title='bbox 940 3127 1100 3183; x_wconf 90' lang='lat' dir='ltr'><strong>veterum</strong></span> <span class='ocrx_word' id='word_1_239' title='bbox 1121 3138 1176 3182; x_wconf 90' lang='lat' dir='ltr'><strong>re-</strong></span> 
     </span>
    </p>
   </div>
   <div class='ocr_carea' id='block_1_9' title="bbox 69 3211 1175 3306">
    <p class='ocr_par' dir='ltr' id='par_1_10' title="bbox 69 3211 1175 3306">
     <span class='ocr_line' id='line_1_27' title="bbox 69 3211 1175 3306; baseline 0.005 -29"><span class='ocrx_word' id='word_1_240' title='bbox 69 3292 73 3301; x_wconf 23' lang='lat'><em>*</em></span> <span class='ocrx_word' id='word_1_241' title='bbox 188 3234 273 3302; x_wconf 88' lang='lat' dir='ltr'><strong>gum</strong></span> <span class='ocrx_word' id='word_1_242' title='bbox 287 3232 361 3278; x_wconf 90' lang='lat' dir='ltr'><strong>sese</strong></span> <span class='ocrx_word' id='word_1_243' title='bbox 379 3211 543 3278; x_wconf 91' lang='lat' dir='ltr'><strong>ornabat.</strong></span> <span class='ocrx_word' id='word_1_244' title='bbox 595 3211 689 3280; x_wconf 88' lang='lat' dir='ltr'><strong>Nam</strong></span> <span class='ocrx_word' id='word_1_245' title='bbox 704 3212 830 3302; x_wconf 88' lang='lat' dir='ltr'><strong>priscis</strong></span> <span class='ocrx_word' id='word_1_246' title='bbox 843 3213 1102 3306; x_wconf 80' lang='lat' dir='ltr'><strong>Aegyptiorum</strong></span> <span class='ocrx_word' id='word_1_247' title='bbox 1119 3239 1175 3282; x_wconf 91' lang='lat' dir='ltr'><strong>re-</strong></span> 
     </span>
    </p>
   </div>
   <div class='ocr_carea' id='block_1_10' title="bbox 171 3309 1174 3995">
    <p class='ocr_par' dir='ltr' id='par_1_11' title="bbox 171 3309 1174 3995">
     <span class='ocr_line' id='line_1_28' title="bbox 187 3309 1174 3405; baseline 0.007 -26"><span class='ocrx_word' id='word_1_248' title='bbox 187 3311 290 3402; x_wconf 84' lang='lat' dir='ltr'><strong>gibus</strong></span> <span class='ocrx_word' id='word_1_249' title='bbox 306 3332 445 3376; x_wconf 91' lang='lat' dir='ltr'><strong>morem</strong></span> <span class='ocrx_word' id='word_1_250' title='bbox 462 3309 569 3379; x_wconf 90' lang='lat' dir='ltr'><strong>fuisse</strong></span> <span class='ocrx_word' id='word_1_251' title='bbox 585 3311 729 3394; x_wconf 88' lang='lat' dir='ltr'><strong>scribit,</strong></span> <span class='ocrx_word' id='word_1_252' title='bbox 755 3324 796 3380; x_wconf 92' lang='lat' dir='ltr'><strong>ut</strong></span> <span class='ocrx_word' id='word_1_253' title='bbox 810 3314 948 3405; x_wconf 86' lang='lat' dir='ltr'><strong>insigne</strong></span> <span class='ocrx_word' id='word_1_254' title='bbox 965 3328 1027 3385; x_wconf 91' lang='lat' dir='ltr'><strong>aut</strong></span> <span class='ocrx_word' id='word_1_255' title='bbox 1050 3317 1174 3399; x_wconf 88' lang='lat' dir='ltr'><strong>leonis,</strong></span> 
     </span>
     <span class='ocr_line' id='line_1_29' title="bbox 182 3410 1174 3508; baseline 0.009 -31"><span class='ocrx_word' id='word_1_256' title='bbox 182 3424 252 3482; x_wconf 88' lang='lat' dir='ltr'><strong>aut</strong></span> <span class='ocrx_word' id='word_1_257' title='bbox 266 3413 380 3494; x_wconf 88' lang='lat' dir='ltr'><strong>tauri,</strong></span> <span class='ocrx_word' id='word_1_258' title='bbox 406 3410 591 3503; x_wconf 88' lang='lat' dir='ltr'><strong>aut&#39;ignis,</strong></span> <span class='ocrx_word' id='word_1_259' title='bbox 618 3425 680 3482; x_wconf 92' lang='lat' dir='ltr'><strong>aut</strong></span> <span class='ocrx_word' id='word_1_260' title='bbox 694 3413 852 3498; x_wconf 90' lang='lat' dir='ltr'><strong>arboris,</strong></span> <span class='ocrx_word' id='word_1_261' title='bbox 878 3416 1046 3508; x_wconf 90' lang='lat' dir='ltr'><strong>incapite</strong></span> <span class='ocrx_word' id='word_1_262' title='bbox 1063 3430 1174 3507; x_wconf 89' lang='lat' dir='ltr'><strong>gesta-</strong></span> 
     </span>
     <span class='ocr_line' id='line_1_30' title="bbox 179 3509 1174 3612; baseline 0.011 -34"><span class='ocrx_word' id='word_1_263' title='bbox 179 3526 279 3585; x_wconf 83' lang='lat' dir='ltr'><strong>rent.</strong></span> <span class='ocrx_word' id='word_1_264' title='bbox 329 3509 519 3607; x_wconf 89' lang='lat' dir='ltr'><strong>Philippus</strong></span> <span class='ocrx_word' id='word_1_265' title='bbox 534 3511 831 3612; x_wconf 56' lang='lat' dir='ltr'><strong>Melanthonm)</strong></span> <span class='ocrx_word' id='word_1_266' title='bbox 853 3517 890 3585; x_wconf 92' lang='lat' dir='ltr'><strong>in</strong></span> <span class='ocrx_word' id='word_1_267' title='bbox 914 3517 1174 3589; x_wconf 87' lang='lat' dir='ltr'><strong>declamatione</strong></span> 
     </span>
     <span class='ocr_line' id='line_1_31' title="bbox 183 3618 1174 3712; baseline -0.001 -23"><span class='ocrx_word' id='word_1_268' title='bbox 183 3619 230 3689; x_wconf 90' lang='lat' dir='ltr'><strong>de</strong></span> <span class='ocrx_word' id='word_1_269' title='bbox 262 3618 399 3689; x_wconf 90' lang='lat' dir='ltr'><strong>artibus</strong></span> <span class='ocrx_word' id='word_1_270' title='bbox 427 3618 635 3693; x_wconf 89' lang='lat' dir='ltr'><strong>liberalibus</strong></span> <span class='ocrx_word' id='word_1_271' title='bbox 668 3621 777 3690; x_wconf 79' lang='lat' dir='ltr'><strong>refert</strong></span> <span class='ocrx_word' id='word_1_272' title='bbox 810 3620 857 3688; x_wconf 93' lang='lat' dir='ltr'><strong>ad</strong></span> <span class='ocrx_word' id='word_1_273' title='bbox 889 3619 1174 3712; x_wconf 87' lang='lat' dir='ltr'><strong>intelligentiam,</strong></span> 
     </span>
     <span class='ocr_line' id='line_1_32' title="bbox 184 3720 1173 3819; baseline 0.001 -28"><span class='ocrx_word' id='word_1_274' title='bbox 184 3743 330 3814; x_wconf 90' lang='lat' dir='ltr'><strong>quaese</strong></span> <span class='ocrx_word' id='word_1_275' title='bbox 347 3720 385 3789; x_wconf 93' lang='lat' dir='ltr'><strong>in</strong></span> <span class='ocrx_word' id='word_1_276' title='bbox 400 3723 641 3815; x_wconf 86' lang='lat' dir='ltr'><strong>omnes&#39;quasi</strong></span> <span class='ocrx_word' id='word_1_277' title='bbox 663 3722 798 3812; x_wconf 88' lang='lat' dir='ltr'><strong>species</strong></span> <span class='ocrx_word' id='word_1_278' title='bbox 820 3725 1073 3807; x_wconf 88' lang='lat' dir='ltr'><strong>transformat,</strong></span> <span class='ocrx_word' id='word_1_279' title='bbox 1096 3747 1173 3819; x_wconf 87' lang='lat' dir='ltr'><strong>mo-</strong></span> 
     </span>
     <span class='ocr_line' id='line_1_33' title="bbox 184 3818 1173 3922; baseline 0.001 -32"><span class='ocrx_word' id='word_1_280' title='bbox 184 3834 261 3903; x_wconf 88' lang='lat' dir='ltr'><strong>tus,</strong></span> <span class='ocrx_word' id='word_1_281' title='bbox 285 3835 326 3891; x_wconf 88' lang='lat' dir='ltr'><strong>ut</strong></span> <span class='ocrx_word' id='word_1_282' title='bbox 340 3818 430 3890; x_wconf 91' lang='lat' dir='ltr'><strong>mihi</strong></span> <span class='ocrx_word' id='word_1_283' title='bbox 452 3824 614 3904; x_wconf 87' lang='lat' dir='ltr'><strong>videtur,</strong></span> <span class='ocrx_word' id='word_1_284' title='bbox 649 3821 842 3892; x_wconf 87' lang='lat' dir='ltr'><strong>autoritate</strong></span> <span class='ocrx_word' id='word_1_285' title='bbox 860 3821 1077 3922; x_wconf 78' lang='lat' dir='ltr'><strong>Virgitti⁸¹)‚</strong></span> <span class='ocrx_word' id='word_1_286' title='bbox 1111 3825 1173 3919; x_wconf 93' lang='lat' dir='ltr'><strong>qui</strong></span> 
     </span>
     <span class='ocr_line' id='line_1_34' title="bbox 171 3918 868 3995; baseline 0.003 -7"><span class='ocrx_word' id='word_1_287' title='bbox 171 3921 230 3995; x_wconf 52' lang='lat' dir='ltr'><strong>:de</strong></span> <span class='ocrx_word' id='word_1_288' title='bbox 243 3920 377 3989; x_wconf 88' lang='lat' dir='ltr'><strong>Proteo</strong></span> <span class='ocrx_word' id='word_1_289' title='bbox 395 3921 523 3988; x_wconf 92' lang='lat' dir='ltr'><strong>cecinit</strong></span> <span class='ocrx_word' id='word_1_290' title='bbox 538 3918 633 3988; x_wconf 93' lang='lat' dir='ltr'><strong>hunc</strong></span> <span class='ocrx_word' id='word_1_291' title='bbox 649 3921 688 3989; x_wconf 90' lang='lat' dir='ltr'><strong>in</strong></span> <span class='ocrx_word' id='word_1_292' title='bbox 701 3922 868 3990; x_wconf 90' lang='lat' dir='ltr'><strong>modum:</strong></span> 
     </span>
    </p>
   </div>
   <div class='ocr_carea' id='block_1_11' title="bbox 254 4031 1155 4188">
    <p class='ocr_par' dir='ltr' id='par_1_12' title="bbox 254 4031 1155 4188">
     <span class='ocr_line' id='line_1_35' title="bbox 462 4031 897 4102; baseline 0.014 -19"><span class='ocrx_word' id='word_1_293' title='bbox 462 4031 541 4084; x_wconf 84' lang='lat' dir='ltr'><strong>novit</strong></span> <span class='ocrx_word' id='word_1_294' title='bbox 557 4043 674 4099; x_wconf 76' lang='lat' dir='ltr'><strong>mque</strong></span> <span class='ocrx_word' id='word_1_295' title='bbox 691 4035 784 4087; x_wconf 73' lang='lat' dir='ltr'><strong>omnic</strong></span> <span class='ocrx_word' id='word_1_296' title='bbox 800 4041 897 4102; x_wconf 72' lang='lat' dir='ltr'><strong>vetes,</strong></span> 
     </span>
     <span class='ocr_line' id='line_1_36' title="bbox 254 4117 1155 4188; baseline 0.011 -20"><span class='ocrx_word' id='word_1_297' title='bbox 254 4118 338 4187; x_wconf 34' lang='lat' dir='ltr'><strong>,orec</strong></span> <span class='ocrx_word' id='word_1_298' title='bbox 356 4117 430 4182; x_wconf 85' lang='lat' dir='ltr'><strong>slat,</strong></span> <span class='ocrx_word' id='word_1_299' title='bbox 453 4129 524 4182; x_wconf 77' lang='lat' dir='ltr'><strong>ques</strong></span> <span class='ocrx_word' id='word_1_300' title='bbox 542 4119 660 4188; x_wconf 76' lang='lat' dir='ltr'><strong>luerim,</strong></span> <span class='ocrx_word' id='word_1_301' title='bbox 686 4131 767 4186; x_wconf 79' lang='lat' dir='ltr'><strong>quen</strong></span> <span class='ocrx_word' id='word_1_302' title='bbox 783 4134 848 4175; x_wconf 83' lang='lat' dir='ltr'><strong>nox</strong></span> <span class='ocrx_word' id='word_1_303' title='bbox 865 4125 985 4177; x_wconf 78' lang='lat' dir='ltr'><strong>venture</strong></span> <span class='ocrx_word' id='word_1_304' title='bbox 1000 4127 1155 4179; x_wconf 79' lang='lat' dir='ltr'><strong>trahentur.</strong></span> 
     </span>
    </p>
   </div>
   <div class='ocr_carea' id='block_1_12' title="bbox 88 4201 1172 4906">
    <p class='ocr_par' dir='ltr' id='par_1_13' title="bbox 88 4201 1172 4610">
     <span class='ocr_line' id='line_1_37' title="bbox 184 4201 1172 4308; baseline 0.004 -31"><span class='ocrx_word' id='word_1_305' title='bbox 184 4204 292 4277; x_wconf 86' lang='lat' dir='ltr'><strong>Plato</strong></span> <span class='ocrx_word' id='word_1_306' title='bbox 309 4204 348 4274; x_wconf 92' lang='lat' dir='ltr'><strong>in</strong></span> <span class='ocrx_word' id='word_1_307' title='bbox 362 4201 645 4305; x_wconf 58' lang='lat' dir='ltr'><strong>Euthydemol’)</strong></span> <span class='ocrx_word' id='word_1_308' title='bbox 666 4209 812 4301; x_wconf 82' lang='lat' dir='ltr'><strong>exponit</strong></span> <span class='ocrx_word' id='word_1_309' title='bbox 826 4211 871 4280; x_wconf 88' lang='lat' dir='ltr'><strong>de</strong></span> <span class='ocrx_word' id='word_1_310' title='bbox 888 4211 1057 4297; x_wconf 81' lang='lat' dir='ltr'><strong>fallaciis,</strong></span> <span class='ocrx_word' id='word_1_311' title='bbox 1093 4213 1172 4308; x_wconf 91' lang='lat' dir='ltr'><strong>qui-</strong></span> 
     </span>
     <span class='ocr_line' id='line_1_38' title="bbox 88 4303 1172 4410; baseline 0.01 -34"><span class='ocrx_word' id='word_1_312' title='bbox 88 4320 91 4325; x_wconf 86' lang='grc'><strong><em>’</em></strong></span> <span class='ocrx_word' id='word_1_313' title='bbox 182 4307 253 4378; x_wconf 92' lang='lat' dir='ltr'><strong>bus</strong></span> <span class='ocrx_word' id='word_1_314' title='bbox 286 4303 474 4401; x_wconf 87' lang='lat' dir='ltr'><strong>Sophistae</strong></span> <span class='ocrx_word' id='word_1_315' title='bbox 507 4309 546 4380; x_wconf 92' lang='lat' dir='ltr'><strong>in</strong></span> <span class='ocrx_word' id='word_1_316' title='bbox 579 4311 797 4405; x_wconf 89' lang='lat' dir='ltr'><strong>disputando</strong></span> <span class='ocrx_word' id='word_1_317' title='bbox 831 4315 935 4410; x_wconf 93' lang='lat' dir='ltr'><strong>quasi</strong></span> <span class='ocrx_word' id='word_1_318' title='bbox 972 4316 1172 4408; x_wconf 87' lang='lat' dir='ltr'><strong>praestigiis</strong></span> 
     </span>
     <span class='ocr_line' id='line_1_39' title="bbox 182 4411 1172 4507; baseline 0.009 -27"><span class='ocrx_word' id='word_1_319' title='bbox 182 4422 348 4481; x_wconf 86' lang='lat' dir='ltr'><strong>utuntur.</strong></span> <span class='ocrx_word' id='word_1_320' title='bbox 405 4411 537 4482; x_wconf 91' lang='lat' dir='ltr'><strong>Scribit</strong></span> <span class='ocrx_word' id='word_1_321' title='bbox 558 4414 654 4484; x_wconf 92' lang='lat' dir='ltr'><strong>enim</strong></span> <span class='ocrx_word' id='word_1_322' title='bbox 680 4414 796 4507; x_wconf 88' lang='lat' dir='ltr'><strong>ipsum</strong></span> <span class='ocrx_word' id='word_1_323' title='bbox 820 4415 952 4488; x_wconf 90' lang='lat' dir='ltr'><strong>Protea</strong></span> <span class='ocrx_word' id='word_1_324' title='bbox 976 4417 1082 4490; x_wconf 87' lang='lat' dir='ltr'><strong>fuisse</strong></span> <span class='ocrx_word' id='word_1_325' title='bbox 1107 4417 1172 4489; x_wconf 92' lang='lat' dir='ltr'><strong>So·</strong></span> 
     </span>
     <span class='ocr_line' id='line_1_40' title="bbox 182 4506 1170 4610; baseline 0.01 -30"><span class='ocrx_word' id='word_1_326' title='bbox 182 4506 340 4602; x_wconf 84' lang='lat' dir='ltr'><strong>phistarn</strong></span> <span class='ocrx_word' id='word_1_327' title='bbox 365 4510 594 4607; x_wconf 80' lang='lat' dir='ltr'><strong>Aegyptium.</strong></span> <span class='ocrx_word' id='word_1_328' title='bbox 657 4517 730 4586; x_wconf 88' lang='lat' dir='ltr'><strong>Alii</strong></span> <span class='ocrx_word' id='word_1_329' title='bbox 753 4534 938 4610; x_wconf 81' lang='lat' dir='ltr'><strong>exponunt</strong></span> <span class='ocrx_word' id='word_1_330' title='bbox 965 4521 1009 4589; x_wconf 90' lang='lat' dir='ltr'><strong>de</strong></span> <span class='ocrx_word' id='word_1_331' title='bbox 1042 4533 1170 4590; x_wconf 92' lang='lat' dir='ltr'><strong>natura</strong></span> 
     </span>
    </p>

    <p class='ocr_par' dir='ltr' id='par_1_14' title="bbox 98 4617 1171 4906">
     <span class='ocr_line' id='line_1_41' title="bbox 181 4617 1171 4712; baseline 0.009 -31"><span class='ocrx_word' id='word_1_332' title='bbox 181 4635 327 4699; x_wconf 85' lang='lat' dir='ltr'><strong>rerum,</strong></span> <span class='ocrx_word' id='word_1_333' title='bbox 354 4640 446 4709; x_wconf 91' lang='lat' dir='ltr'><strong>quae</strong></span> <span class='ocrx_word' id='word_1_334' title='bbox 463 4617 577 4709; x_wconf 88' lang='lat' dir='ltr'><strong>gignit</strong></span> <span class='ocrx_word' id='word_1_335' title='bbox 591 4619 709 4690; x_wconf 90' lang='lat' dir='ltr'><strong>varias</strong></span> <span class='ocrx_word' id='word_1_336' title='bbox 726 4621 878 4712; x_wconf 90' lang='lat' dir='ltr'><strong>species;</strong></span> <span class='ocrx_word' id='word_1_337' title='bbox 914 4620 976 4690; x_wconf 91' lang='lat' dir='ltr'><strong>alii</strong></span> <span class='ocrx_word' id='word_1_338' title='bbox 992 4621 1034 4689; x_wconf 92' lang='lat' dir='ltr'><strong>de</strong></span> <span class='ocrx_word' id='word_1_339' title='bbox 1054 4621 1171 4691; x_wconf 87' lang='lat' dir='ltr'><strong>diver·</strong></span> 
     </span>
     <span class='ocr_line' id='line_1_42' title="bbox 98 4708 1171 4817; baseline 0.01 -33"><span class='ocrx_word' id='word_1_340' title='bbox 98 4708 101 4714; x_wconf 47' lang='lat'><strong>⁴</strong></span> <span class='ocrx_word' id='word_1_341' title='bbox 182 4713 230 4785; x_wconf 90' lang='lat' dir='ltr'><strong>sis</strong></span> <span class='ocrx_word' id='word_1_342' title='bbox 254 4715 548 4789; x_wconf 83' lang='lat' dir='ltr'><strong>vestimentorum</strong></span> <span class='ocrx_word' id='word_1_343' title='bbox 571 4720 716 4804; x_wconf 86' lang='lat' dir='ltr'><strong>formis,</strong></span> <span class='ocrx_word' id='word_1_344' title='bbox 751 4723 880 4817; x_wconf 90' lang='lat' dir='ltr'><strong>quibus</strong></span> <span class='ocrx_word' id='word_1_345' title='bbox 895 4722 1056 4791; x_wconf 89' lang='lat' dir='ltr'><strong>Pallenei</strong></span> <span class='ocrx_word' id='word_1_346' title='bbox 1078 4723 1171 4796; x_wconf 89' lang='lat' dir='ltr'><strong>cives</strong></span> 
     </span>
     <span class='ocr_line' id='line_1_43' title="bbox 182 4817 1168 4906; baseline 0.013 -21"><span class='ocrx_word' id='word_1_347' title='bbox 182 4817 271 4887; x_wconf 90' lang='lat' dir='ltr'><strong>olim</strong></span> <span class='ocrx_word' id='word_1_348' title='bbox 300 4818 503 4893; x_wconf 88' lang='lat' dir='ltr'><strong>utebantur.</strong></span> <span class='ocrx_word' id='word_1_349' title='bbox 570 4820 636 4895; x_wconf 82' lang='lat' dir='ltr'><strong>Est</strong></span> <span class='ocrx_word' id='word_1_350' title='bbox 666 4823 761 4894; x_wconf 89' lang='lat' dir='ltr'><strong>enim</strong></span> <span class='ocrx_word' id='word_1_351' title='bbox 792 4824 982 4906; x_wconf 88' lang='lat' dir='ltr'><strong>Pallenae,</strong></span> <span class='ocrx_word' id='word_1_352' title='bbox 1030 4838 1168 4898; x_wconf 87' lang='lat' dir='ltr'><strong>vetusta</strong></span> 
     </span>
    </p>
   </div>
   <div class='ocr_carea' id='block_1_13' title="bbox 82 5061 1165 5582">
    <p class='ocr_par' dir='ltr' id='par_1_15' title="bbox 82 5061 1165 5236">
     <span class='ocr_line' id='line_1_44' title="bbox 82 5061 1165 5164; baseline 0.009 -27"><span class='ocrx_word' id='word_1_353' title='bbox 82 5061 92 5075; x_wconf 90' lang='grc'><strong>“</strong></span> <span class='ocrx_word' id='word_1_354' title='bbox 216 5087 266 5148; x_wconf 79' lang='lat' dir='ltr'><strong>se)</strong></span> <span class='ocrx_word' id='word_1_355' title='bbox 284 5087 373 5154; x_wconf 65' lang='lat' dir='ltr'><strong>nam]</strong></span> <span class='ocrx_word' id='word_1_356' title='bbox 395 5087 645 5164; x_wconf 68' lang='lat' dir='ltr'><strong>secessissem,</strong></span> <span class='ocrx_word' id='word_1_357' title='bbox 667 5091 758 5153; x_wconf 81' lang='lat' dir='ltr'><strong>nas.;</strong></span> <span class='ocrx_word' id='word_1_358' title='bbox 784 5091 865 5144; x_wconf 76' lang='lat' dir='ltr'><strong>oua.</strong></span> <span class='ocrx_word' id='word_1_359' title='bbox 882 5093 932 5144; x_wconf 82' lang='lat' dir='ltr'><strong>aa.</strong></span> <span class='ocrx_word' id='word_1_360' title='bbox 950 5091 1056 5144; x_wconf 75' lang='lat' dir='ltr'><strong>nenos.</strong></span> <span class='ocrx_word' id='word_1_361' title='bbox 1075 5093 1165 5158; x_wconf 66' lang='lat' dir='ltr'><strong>semo.</strong></span> 
     </span>
     <span class='ocr_line' id='line_1_45' title="bbox 135 5162 618 5236; baseline 0.01 -17"><span class='ocrx_word' id='word_1_362' title='bbox 135 5162 140 5169; x_wconf 83' lang='grc'><em>’</em></span> <span class='ocrx_word' id='word_1_363' title='bbox 217 5169 265 5235; x_wconf 80' lang='lat' dir='ltr'><strong>ts)</strong></span> <span class='ocrx_word' id='word_1_364' title='bbox 284 5170 362 5225; x_wconf 74' lang='lat' dir='ltr'><strong>Ouid.</strong></span> <span class='ocrx_word' id='word_1_365' title='bbox 382 5176 447 5225; x_wconf 79' lang='lat' dir='ltr'><strong>Met.</strong></span> <span class='ocrx_word' id='word_1_366' title='bbox 468 5174 540 5236; x_wconf 84' lang='lat' dir='ltr'><strong>vlu,</strong></span> <span class='ocrx_word' id='word_1_367' title='bbox 558 5173 618 5224; x_wconf 85' lang='grc'><strong>731.</strong></span> 
     </span>
    </p>

    <p class='ocr_par' dir='ltr' id='par_1_16' title="bbox 212 5253 684 5322">
     <span class='ocr_line' id='line_1_46' title="bbox 212 5253 684 5322; baseline 0.013 -18"><span class='ocrx_word' id='word_1_368' title='bbox 212 5253 263 5313; x_wconf 77' lang='lat' dir='ltr'><strong>ao)</strong></span> <span class='ocrx_word' id='word_1_369' title='bbox 281 5255 360 5308; x_wconf 71' lang='lat' dir='ltr'><strong>neoc</strong></span> <span class='ocrx_word' id='word_1_370' title='bbox 377 5257 434 5307; x_wconf 74' lang='lat' dir='ltr'><strong>stc.</strong></span> <span class='ocrx_word' id='word_1_371' title='bbox 455 5256 581 5308; x_wconf 80' lang='lat' dir='ltr'><strong>annon.</strong></span> <span class='ocrx_word' id='word_1_372' title='bbox 601 5259 623 5322; x_wconf 81' lang='grc' dir='ltr'><strong>ι,</strong></span> <span class='ocrx_word' id='word_1_373' title='bbox 641 5257 684 5310; x_wconf 79' lang='lat' dir='ltr'><strong>ss.</strong></span> 
     </span>
    </p>

    <p class='ocr_par' dir='ltr' id='par_1_17' title="bbox 199 5337 917 5405">
     <span class='ocr_line' id='line_1_47' title="bbox 199 5337 917 5405; baseline 0.004 -16"><span class='ocrx_word' id='word_1_374' title='bbox 199 5337 286 5398; x_wconf 67' lang='lat'><strong>&#39;2⁰0</strong></span> <span class='ocrx_word' id='word_1_375' title='bbox 303 5340 383 5392; x_wconf 77' lang='lat' dir='ltr'><strong>Cotti.</strong></span> <span class='ocrx_word' id='word_1_376' title='bbox 401 5341 473 5404; x_wconf 84' lang='lat' dir='ltr'><strong>quod</strong></span> <span class='ocrx_word' id='word_1_377' title='bbox 491 5352 576 5405; x_wconf 73' lang='lat' dir='ltr'><strong>supra</strong></span> <span class='ocrx_word' id='word_1_378' title='bbox 594 5357 618 5404; x_wconf 89' lang='lat' dir='ltr'><strong>p.</strong></span> <span class='ocrx_word' id='word_1_379' title='bbox 632 5342 692 5392; x_wconf 73' lang='lat'><strong>559.</strong></span> <span class='ocrx_word' id='word_1_380' title='bbox 715 5345 780 5394; x_wconf 83' lang='lat' dir='ltr'><strong>uota</strong></span> <span class='ocrx_word' id='word_1_381' title='bbox 794 5341 836 5394; x_wconf 75' lang='grc'><strong>39.</strong></span> <span class='ocrx_word' id='word_1_382' title='bbox 855 5344 917 5394; x_wconf 79' lang='lat' dir='ltr'><strong>diri.</strong></span> 
     </span>
    </p>

    <p class='ocr_par' dir='ltr' id='par_1_18' title="bbox 213 5421 673 5491">
     <span class='ocr_line' id='line_1_48' title="bbox 213 5421 673 5491; baseline 0.015 -20"><span class='ocrx_word' id='word_1_383' title='bbox 213 5421 263 5481; x_wconf 79' lang='lat'><strong>21)</strong></span> <span class='ocrx_word' id='word_1_384' title='bbox 281 5425 360 5488; x_wconf 78' lang='lat' dir='ltr'><strong>virg.</strong></span> <span class='ocrx_word' id='word_1_385' title='bbox 380 5427 481 5489; x_wconf 58' lang='grc' dir='ltr'><strong>θοοῖς.</strong></span> <span class='ocrx_word' id='word_1_386' title='bbox 500 5428 549 5487; x_wconf 79' lang='lat' dir='ltr'><strong>ll&#39;,</strong></span> <span class='ocrx_word' id='word_1_387' title='bbox 567 5426 619 5477; x_wconf 73' lang='lat'><strong>³92</strong></span> <span class='ocrx_word' id='word_1_388' title='bbox 632 5441 673 5491; x_wconf 86' lang='lat' dir='ltr'><strong>sq.</strong></span> 
     </span>
    </p>

    <p class='ocr_par' dir='ltr' id='par_1_19' title="bbox 209 5504 917 5582">
     <span class='ocr_line' id='line_1_49' title="bbox 209 5504 917 5582; baseline 0.011 -25"><span class='ocrx_word' id='word_1_389' title='bbox 209 5504 264 5567; x_wconf 75' lang='lat'><strong>22)</strong></span> <span class='ocrx_word' id='word_1_390' title='bbox 283 5509 357 5564; x_wconf 77' lang='lat' dir='ltr'><strong>l’tst.</strong></span> <span class='ocrx_word' id='word_1_391' title='bbox 375 5511 444 5573; x_wconf 77' lang='lat' dir='ltr'><strong>Opp.</strong></span> <span class='ocrx_word' id='word_1_392' title='bbox 463 5511 506 5563; x_wconf 82' lang='lat' dir='ltr'><strong>ed.</strong></span> <span class='ocrx_word' id='word_1_393' title='bbox 525 5513 557 5562; x_wconf 89' lang='lat' dir='ltr'><strong>ll.</strong></span> <span class='ocrx_word' id='word_1_394' title='bbox 577 5514 670 5575; x_wconf 68' lang='lat' dir='ltr'><strong>scope.</strong></span> <span class='ocrx_word' id='word_1_395' title='bbox 690 5515 754 5567; x_wconf 73' lang='lat' dir='ltr'><strong>&#39;M</strong></span> <span class='ocrx_word' id='word_1_396' title='bbox 773 5530 798 5582; x_wconf 83' lang='lat' dir='ltr'><strong>p.</strong></span> <span class='ocrx_word' id='word_1_397' title='bbox 812 5516 874 5575; x_wconf 74' lang='lat'><strong>288,</strong></span> <span class='ocrx_word' id='word_1_398' title='bbox 894 5520 917 5566; x_wconf 87' lang='lat' dir='ltr'><strong>b.</strong></span> 
     </span>
    </p>
   </div>
   <div class='ocr_carea' id='block_1_14' title="bbox 1231 1627 2225 2526">
    <p class='ocr_par' dir='ltr' id='par_1_20' title="bbox 1231 1627 2225 2526">
     <span class='ocr_line' id='line_1_50' title="bbox 1235 1627 2220 1730; baseline 0.018 -35"><span class='ocrx_word' id='word_1_399' title='bbox 1235 1627 1365 1719; x_wconf 89' lang='lat' dir='ltr'><strong>quibus</strong></span> <span class='ocrx_word' id='word_1_400' title='bbox 1398 1627 1619 1709; x_wconf 88' lang='lat' dir='ltr'><strong>deludimur;</strong></span> <span class='ocrx_word' id='word_1_401' title='bbox 1668 1631 1778 1701; x_wconf 92' lang='lat' dir='ltr'><strong>multa</strong></span> <span class='ocrx_word' id='word_1_402' title='bbox 1814 1634 1911 1705; x_wconf 88' lang='lat' dir='ltr'><strong>enim</strong></span> <span class='ocrx_word' id='word_1_403' title='bbox 1946 1653 2116 1730; x_wconf 86' lang='lat' dir='ltr'><strong>putamus</strong></span> <span class='ocrx_word' id='word_1_404' title='bbox 2149 1670 2220 1716; x_wconf 87' lang='lat' dir='ltr'><strong>esse</strong></span> 
     </span>
     <span class='ocr_line' id='line_1_51' title="bbox 1234 1732 2220 1828; baseline 0.021 -33"><span class='ocrx_word' id='word_1_405' title='bbox 1234 1752 1338 1811; x_wconf 89' lang='lat' dir='ltr'><strong>vera,</strong></span> <span class='ocrx_word' id='word_1_406' title='bbox 1366 1752 1458 1823; x_wconf 90' lang='lat' dir='ltr'><strong>quae</strong></span> <span class='ocrx_word' id='word_1_407' title='bbox 1473 1753 1548 1800; x_wconf 91' lang='lat' dir='ltr'><strong>non</strong></span> <span class='ocrx_word' id='word_1_408' title='bbox 1564 1743 1658 1803; x_wconf 89' lang='lat' dir='ltr'><strong>sunt.</strong></span> <span class='ocrx_word' id='word_1_409' title='bbox 1709 1732 1792 1827; x_wconf 82' lang='lat' dir='ltr'><strong>Quo</strong></span> <span class='ocrx_word' id='word_1_410' title='bbox 1806 1736 1910 1828; x_wconf 91' lang='lat' dir='ltr'><strong>plura</strong></span> <span class='ocrx_word' id='word_1_411' title='bbox 1929 1764 2016 1810; x_wconf 87' lang='lat' dir='ltr'><strong>vero</strong></span> <span class='ocrx_word' id='word_1_412' title='bbox 2029 1743 2220 1815; x_wconf 90' lang='lat' dir='ltr'><strong>simulacra</strong></span> 
     </span>
     <span class='ocr_line' id='line_1_52' title="bbox 1233 1833 2219 1931; baseline 0.017 -31"><span class='ocrx_word' id='word_1_413' title='bbox 1233 1854 1296 1900; x_wconf 89' lang='lat' dir='ltr'><strong>seu</strong></span> <span class='ocrx_word' id='word_1_414' title='bbox 1317 1844 1518 1902; x_wconf 89' lang='lat' dir='ltr'><strong>commenta</strong></span> <span class='ocrx_word' id='word_1_415' title='bbox 1546 1833 1760 1925; x_wconf 88' lang='lat' dir='ltr'><strong>opinionum</strong></span> <span class='ocrx_word' id='word_1_416' title='bbox 1782 1839 1885 1931; x_wconf 84' lang='lat' dir='ltr'><strong>nobis</strong></span> <span class='ocrx_word' id='word_1_417' title='bbox 1905 1842 2142 1928; x_wconf 88' lang='lat' dir='ltr'><strong>obiiciuntur,</strong></span> <span class='ocrx_word' id='word_1_418' title='bbox 2175 1872 2219 1917; x_wconf 89' lang='lat' dir='ltr'><strong>eo</strong></span> 
     </span>
     <span class='ocr_line' id='line_1_53' title="bbox 1234 1932 2217 2018; baseline 0.018 -18"><span class='ocrx_word' id='word_1_419' title='bbox 1234 1932 1440 2003; x_wconf 88' lang='lat' dir='ltr'><strong>instandum</strong></span> <span class='ocrx_word' id='word_1_420' title='bbox 1458 1932 1593 2018; x_wconf 91' lang='lat' dir='ltr'><strong>acrius,</strong></span> <span class='ocrx_word' id='word_1_421' title='bbox 1620 1936 1734 2009; x_wconf 89' lang='lat' dir='ltr'><strong>donec</strong></span> <span class='ocrx_word' id='word_1_422' title='bbox 1748 1940 1896 2012; x_wconf 89' lang='lat' dir='ltr'><strong>Proteus</strong></span> <span class='ocrx_word' id='word_1_423' title='bbox 1911 1946 2034 2014; x_wconf 92' lang='lat' dir='ltr'><strong>redeat</strong></span> <span class='ocrx_word' id='word_1_424' title='bbox 2047 1946 2085 2014; x_wconf 91' lang='lat' dir='ltr'><strong>in</strong></span> <span class='ocrx_word' id='word_1_425' title='bbox 2109 1932 2217 2017; x_wconf 78' lang='lat' dir='ltr'><strong>suam</strong></span> 
     </span>
     <span class='ocr_line' id='line_1_54' title="bbox 1232 2031 2216 2139; baseline 0.014 -35"><span class='ocrx_word' id='word_1_426' title='bbox 1232 2036 1409 2118; x_wconf 90' lang='lat' dir='ltr'><strong>formam,</strong></span> <span class='ocrx_word' id='word_1_427' title='bbox 1434 2031 1504 2104; x_wconf 94' lang='lat' dir='ltr'><strong>hoc</strong></span> <span class='ocrx_word' id='word_1_428' title='bbox 1522 2049 1592 2122; x_wconf 90' lang='lat' dir='ltr'><strong>est,</strong></span> <span class='ocrx_word' id='word_1_429' title='bbox 1619 2041 1752 2112; x_wconf 86' lang='lat' dir='ltr'><strong>veritas</strong></span> <span class='ocrx_word' id='word_1_430' title='bbox 1767 2041 1950 2117; x_wconf 87' lang='lat' dir='ltr'><strong>illucescat.</strong></span> <span class='ocrx_word' id='word_1_431' title='bbox 1989 2046 2140 2139; x_wconf 86' lang='lat' dir='ltr'><strong>Sumpta</strong></span> <span class='ocrx_word' id='word_1_432' title='bbox 2159 2066 2216 2120; x_wconf 89' lang='lat' dir='ltr'><strong>est</strong></span> 
     </span>
     <span class='ocr_line' id='line_1_55' title="bbox 1232 2137 2217 2243; baseline 0.015 -38"><span class='ocrx_word' id='word_1_433' title='bbox 1232 2149 1352 2206; x_wconf 92' lang='lat' dir='ltr'><strong>autem</strong></span> <span class='ocrx_word' id='word_1_434' title='bbox 1374 2137 1495 2207; x_wconf 88' lang='lat' dir='ltr'><strong>fabula</strong></span> <span class='ocrx_word' id='word_1_435' title='bbox 1508 2163 1551 2208; x_wconf 85' lang='lat' dir='ltr'><strong>ex</strong></span> <span class='ocrx_word' id='word_1_436' title='bbox 1569 2140 1749 2234; x_wconf 70' lang='lat' dir='ltr'><strong>Odyssea,</strong></span> <span class='ocrx_word' id='word_1_437' title='bbox 1784 2145 1846 2216; x_wconf 91' lang='lat' dir='ltr'><strong>ubi</strong></span> <span class='ocrx_word' id='word_1_438' title='bbox 1859 2145 2090 2243; x_wconf 67' lang='lat' dir='ltr'><strong>llomerus”)</strong></span> <span class='ocrx_word' id='word_1_439' title='bbox 2112 2152 2217 2242; x_wconf 76' lang='lat' dir='ltr'><strong>lingit</strong></span> 
     </span>
     <span class='ocr_line' id='line_1_56' title="bbox 1231 2239 2225 2322; baseline 0.014 -14"><span class='ocrx_word' id='word_1_440' title='bbox 1231 2239 1363 2308; x_wconf 90' lang='lat' dir='ltr'><strong>Protea</strong></span> <span class='ocrx_word' id='word_1_441' title='bbox 1381 2240 1420 2307; x_wconf 92' lang='lat' dir='ltr'><strong>in</strong></span> <span class='ocrx_word' id='word_1_442' title='bbox 1438 2241 1555 2313; x_wconf 89' lang='lat' dir='ltr'><strong>varias</strong></span> <span class='ocrx_word' id='word_1_443' title='bbox 1575 2242 1710 2315; x_wconf 88' lang='lat' dir='ltr'><strong>formas</strong></span> <span class='ocrx_word' id='word_1_444' title='bbox 1731 2271 1768 2318; x_wconf 89' lang='lat' dir='ltr'><strong>se</strong></span> <span class='ocrx_word' id='word_1_445' title='bbox 1791 2262 1990 2320; x_wconf 88' lang='lat' dir='ltr'><strong>mutantem</strong></span> <span class='ocrx_word' id='word_1_446' title='bbox 2010 2251 2225 2322; x_wconf 85' lang='lat' dir='ltr'><strong>aMenelao&#39;</strong></span> 
     </span>
     <span class='ocr_line' id='line_1_57' title="bbox 1232 2341 2214 2448; baseline 0.015 -38"><span class='ocrx_word' id='word_1_447' title='bbox 1232 2341 1328 2433; x_wconf 90' lang='lat' dir='ltr'><strong>capi:</strong></span> <span class='ocrx_word' id='word_1_448' title='bbox 1353 2365 1460 2434; x_wconf 90' lang='lat' dir='ltr'><strong>quem</strong></span> <span class='ocrx_word' id='word_1_449' title='bbox 1475 2344 1594 2414; x_wconf 92' lang='lat' dir='ltr'><strong>locum</strong></span> <span class='ocrx_word' id='word_1_450' title='bbox 1612 2345 1825 2441; x_wconf 89' lang='lat' dir='ltr'><strong>etVirgilius</strong></span> <span class='ocrx_word' id='word_1_451' title='bbox 1840 2352 1879 2420; x_wconf 91' lang='lat' dir='ltr'><strong>in</strong></span> <span class='ocrx_word' id='word_1_452' title='bbox 1894 2352 2083 2448; x_wconf 72' lang='lat' dir='ltr'><strong>Georg.³⁴)</strong></span> <span class='ocrx_word' id='word_1_453' title='bbox 2101 2357 2214 2424; x_wconf 88' lang='lat' dir='ltr'><strong>imita·</strong></span> 
     </span>
     <span class='ocr_line' id='line_1_58' title="bbox 1232 2444 1923 2526; baseline 0.022 -15"><span class='ocrx_word' id='word_1_454' title='bbox 1232 2455 1309 2525; x_wconf 89' lang='lat' dir='ltr'><strong>tus,</strong></span> <span class='ocrx_word' id='word_1_455' title='bbox 1336 2446 1381 2512; x_wconf 94' lang='lat' dir='ltr'><strong>ad</strong></span> <span class='ocrx_word' id='word_1_456' title='bbox 1397 2444 1555 2515; x_wconf 88' lang='lat' dir='ltr'><strong>fabulam</strong></span> <span class='ocrx_word' id='word_1_457' title='bbox 1572 2446 1726 2520; x_wconf 83' lang='lat' dir='ltr'><strong>Aristaei</strong></span> <span class='ocrx_word' id='word_1_458' title='bbox 1742 2455 1923 2526; x_wconf 84' lang='lat' dir='ltr'><strong>transfert.</strong></span> 
     </span>
    </p>
   </div>
   <div class='ocr_carea' id='block_1_15' title="bbox 1520 2616 1919 2716">
    <p class='ocr_par' dir='ltr' id='par_1_21' title="bbox 1520 2616 1919 2716">
     <span class='ocr_line' id='line_1_59' title="bbox 1520 2616 1919 2716; baseline 0.03 -32"><span class='ocrx_word' id='word_1_459' title='bbox 1520 2616 1683 2708; x_wconf 83' lang='lat' dir='ltr'><strong>lugens</strong></span> <span class='ocrx_word' id='word_1_460' title='bbox 1710 2639 1919 2716; x_wconf 77' lang='lat' dir='ltr'><strong>quercus.</strong></span> 
     </span>
    </p>
   </div>
   <div class='ocr_carea' id='block_1_16' title="bbox 1218 2747 2243 5320">
    <p class='ocr_par' dir='ltr' id='par_1_22' title="bbox 1279 2747 2062 2946">
     <span class='ocr_line' id='line_1_60' title="bbox 1279 2747 2062 2852; baseline 0.019 -36"><span class='ocrx_word' id='word_1_461' title='bbox 1279 2747 1357 2818; x_wconf 87' lang='lat' dir='ltr'><strong>Vss.</strong></span> <span class='ocrx_word' id='word_1_462' title='bbox 1375 2749 1449 2820; x_wconf 79' lang='lat'><strong>748</strong></span> <span class='ocrx_word' id='word_1_463' title='bbox 1466 2776 1519 2845; x_wconf 88' lang='lat' dir='ltr'><strong>sq.</strong></span> <span class='ocrx_word' id='word_1_464' title='bbox 1580 2779 1805 2852; x_wconf 70' lang='lat' dir='ltr'><strong>mensuraque</strong></span> <span class='ocrx_word' id='word_1_465' title='bbox 1819 2763 1950 2834; x_wconf 83' lang='lat' dir='ltr'><strong>roboris</strong></span> <span class='ocrx_word' id='word_1_466' title='bbox 1962 2765 2062 2832; x_wconf 78' lang='lat' dir='ltr'><strong>elnae</strong></span> 
     </span>
     <span class='ocr_line' id='line_1_61' title="bbox 1282 2853 1682 2946; baseline 0.028 -27"><span class='ocrx_word' id='word_1_467' title='bbox 1282 2853 1434 2946; x_wconf 76' lang='lat' dir='ltr'><strong>Quinque</strong></span> <span class='ocrx_word' id='word_1_468' title='bbox 1448 2864 1500 2924; x_wconf 83' lang='lat' dir='ltr'><strong>ter</strong></span> <span class='ocrx_word' id='word_1_469' title='bbox 1512 2859 1682 2946; x_wconf 79' lang='lat' dir='ltr'><strong>implebat.</strong></span> 
     </span>
    </p>

    <p class='ocr_par' dir='ltr' id='par_1_23' title="bbox 1218 2967 2243 5320">
     <span class='ocr_line' id='line_1_62' title="bbox 1329 2967 2216 3069; baseline 0.017 -35"><span class='ocrx_word' id='word_1_470' title='bbox 1329 2967 1481 3059; x_wconf 72' lang='lat' dir='ltr'><strong>Videtur</strong></span> <span class='ocrx_word' id='word_1_471' title='bbox 1499 2973 1642 3068; x_wconf 89' lang='lat' dir='ltr'><strong>quidem</strong></span> <span class='ocrx_word' id='word_1_472' title='bbox 1658 2971 1886 3068; x_wconf 88' lang='lat' dir='ltr'><strong>hyperbolica</strong></span> <span class='ocrx_word' id='word_1_473' title='bbox 1902 2972 1989 3045; x_wconf 90' lang='lat' dir='ltr'><strong>haec</strong></span> <span class='ocrx_word' id='word_1_474' title='bbox 2010 2980 2216 3069; x_wconf 87' lang='lat' dir='ltr'><strong>descriptio</strong></span> 
     </span>
     <span class='ocr_line' id='line_1_63' title="bbox 1229 3069 2215 3170; baseline 0.018 -34"><span class='ocrx_word' id='word_1_475' title='bbox 1229 3069 1386 3155; x_wconf 88' lang='lat' dir='ltr'><strong>arboris,</strong></span> <span class='ocrx_word' id='word_1_476' title='bbox 1413 3074 1513 3145; x_wconf 91' lang='lat' dir='ltr'><strong>cuius</strong></span> <span class='ocrx_word' id='word_1_477' title='bbox 1528 3100 1689 3147; x_wconf 86' lang='lat' dir='ltr'><strong>mensura</strong></span> <span class='ocrx_word' id='word_1_478' title='bbox 1705 3073 1907 3170; x_wconf 83' lang='lat' dir='ltr'><strong>quindecim</strong></span> <span class='ocrx_word' id='word_1_479' title='bbox 1922 3078 2026 3149; x_wconf 89' lang='lat' dir='ltr'><strong>ulnas</strong></span> <span class='ocrx_word' id='word_1_480' title='bbox 2042 3079 2215 3170; x_wconf 87' lang='lat' dir='ltr'><strong>impleat.·</strong></span> 
     </span>
     <span class='ocr_line' id='line_1_64' title="bbox 1227 3172 2212 3270; baseline 0.009 -29"><span class='ocrx_word' id='word_1_481' title='bbox 1227 3173 1289 3241; x_wconf 88' lang='lat' dir='ltr'><strong>sed</strong></span> <span class='ocrx_word' id='word_1_482' title='bbox 1299 3172 1427 3270; x_wconf 68' lang='lat' dir='ltr'><strong>Petrus</strong></span> <span class='ocrx_word' id='word_1_483' title='bbox 1442 3175 1598 3251; x_wconf 89' lang='lat' dir='ltr'><strong>Bembus</strong></span> <span class='ocrx_word' id='word_1_484' title='bbox 1611 3177 1650 3248; x_wconf 92' lang='lat' dir='ltr'><strong>in</strong></span> <span class='ocrx_word' id='word_1_485' title='bbox 1665 3173 1814 3248; x_wconf 89' lang='lat' dir='ltr'><strong>historia</strong></span> <span class='ocrx_word' id='word_1_486' title='bbox 1828 3179 1966 3249; x_wconf 85' lang='lat' dir='ltr'><strong>Veneta</strong></span> <span class='ocrx_word' id='word_1_487' title='bbox 1982 3181 2129 3264; x_wconf 91' lang='lat' dir='ltr'><strong>scribit,</strong></span> <span class='ocrx_word' id='word_1_488' title='bbox 2157 3207 2212 3251; x_wconf 90' lang='lat' dir='ltr'><strong>ar-</strong></span> 
     </span>
     <span class='ocr_line' id='line_1_65' title="bbox 1226 3274 2209 3376; baseline 0.011 -33"><span class='ocrx_word' id='word_1_489' title='bbox 1226 3274 1333 3344; x_wconf 90' lang='lat' dir='ltr'><strong>bores</strong></span> <span class='ocrx_word' id='word_1_490' title='bbox 1349 3278 1500 3371; x_wconf 91' lang='lat' dir='ltr'><strong>reperiri</strong></span> <span class='ocrx_word' id='word_1_491' title='bbox 1516 3283 1582 3353; x_wconf 89' lang='lat' dir='ltr'><strong>sub</strong></span> <span class='ocrx_word' id='word_1_492' title='bbox 1596 3280 1681 3373; x_wconf 91' lang='lat' dir='ltr'><strong>polo</strong></span> <span class='ocrx_word' id='word_1_493' title='bbox 1699 3282 1875 3369; x_wconf 86' lang='lat' dir='ltr'><strong>antarctio</strong></span> <span class='ocrx_word' id='word_1_494' title='bbox 1889 3295 2011 3353; x_wconf 87' lang='lat' dir='ltr'><strong>tantae</strong></span> <span class='ocrx_word' id='word_1_495' title='bbox 2032 3284 2209 3376; x_wconf 88' lang='lat' dir='ltr'><strong>magnitu-</strong></span> 
     </span>
     <span class='ocr_line' id='line_1_66' title="bbox 1227 3374 2209 3479; baseline 0.011 -37"><span class='ocrx_word' id='word_1_496' title='bbox 1227 3374 1340 3460; x_wconf 86' lang='lat' dir='ltr'><strong>dinis,</strong></span> <span class='ocrx_word' id='word_1_497' title='bbox 1380 3393 1421 3449; x_wconf 88' lang='lat' dir='ltr'><strong>ut</strong></span> <span class='ocrx_word' id='word_1_498' title='bbox 1445 3405 1503 3451; x_wconf 87' lang='lat' dir='ltr'><strong>eas</strong></span> <span class='ocrx_word' id='word_1_499' title='bbox 1527 3406 1655 3477; x_wconf 91' lang='lat' dir='ltr'><strong>capere</strong></span> <span class='ocrx_word' id='word_1_500' title='bbox 1677 3397 1832 3479; x_wconf 88' lang='lat' dir='ltr'><strong>nequeat</strong></span> <span class='ocrx_word' id='word_1_501' title='bbox 1853 3384 2058 3477; x_wconf 80' lang='lat' dir='ltr'><strong>complexus</strong></span> <span class='ocrx_word' id='word_1_502' title='bbox 2082 3387 2209 3478; x_wconf 82' lang='lat' dir='ltr'><strong>viginti</strong></span> 
     </span>
     <span class='ocr_line' id='line_1_67' title="bbox 1226 3472 2207 3580; baseline 0.01 -34"><span class='ocrx_word' id='word_1_503' title='bbox 1226 3472 1414 3551; x_wconf 90' lang='lat' dir='ltr'><strong>hominum</strong></span> <span class='ocrx_word' id='word_1_504' title='bbox 1439 3486 1605 3557; x_wconf 84' lang='lat' dir='ltr'><strong>extremis</strong></span> <span class='ocrx_word' id='word_1_505' title='bbox 1627 3482 1792 3558; x_wconf 90' lang='lat' dir='ltr'><strong>manibus</strong></span> <span class='ocrx_word' id='word_1_506' title='bbox 1815 3511 1890 3558; x_wconf 91' lang='lat' dir='ltr'><strong>sese</strong></span> <span class='ocrx_word' id='word_1_507' title='bbox 1912 3489 2207 3580; x_wconf 86' lang='lat' dir='ltr'><strong>contingentium.</strong></span> 
     </span>
     <span class='ocr_line' id='line_1_68' title="bbox 1224 3576 2208 3683; baseline 0.008 -36"><span class='ocrx_word' id='word_1_508' title='bbox 1224 3576 1321 3649; x_wconf 88' lang='lat' dir='ltr'><strong>Idem</strong></span> <span class='ocrx_word' id='word_1_509' title='bbox 1338 3594 1488 3655; x_wconf 83' lang='lat' dir='ltr'><strong>testatur</strong></span> <span class='ocrx_word' id='word_1_510' title='bbox 1497 3586 1740 3683; x_wconf 84' lang='lat' dir='ltr'><strong>Hieronymus</strong></span> <span class='ocrx_word' id='word_1_511' title='bbox 1754 3588 1958 3674; x_wconf 85' lang='lat' dir='ltr'><strong>Cardenus,</strong></span> <span class='ocrx_word' id='word_1_512' title='bbox 1984 3590 2080 3661; x_wconf 91' lang='lat' dir='ltr'><strong>cuius</strong></span> <span class='ocrx_word' id='word_1_513' title='bbox 2095 3591 2208 3659; x_wconf 76' lang='lat' dir='ltr'><strong>verba</strong></span> 
     </span>
     <span class='ocr_line' id='line_1_69' title="bbox 1224 3679 2207 3783; baseline 0.008 -33"><span class='ocrx_word' id='word_1_514' title='bbox 1224 3694 1308 3750; x_wconf 90' lang='lat' dir='ltr'><strong>sunt</strong></span> <span class='ocrx_word' id='word_1_515' title='bbox 1324 3679 1412 3754; x_wconf 88' lang='lat' dir='ltr'><strong>haec</strong></span> <span class='ocrx_word' id='word_1_516' title='bbox 1433 3687 1495 3757; x_wconf 93' lang='lat' dir='ltr'><strong>lib.</strong></span> <span class='ocrx_word' id='word_1_517' title='bbox 1511 3690 1546 3760; x_wconf 88' lang='lat'><strong>8.</strong></span> <span class='ocrx_word' id='word_1_518' title='bbox 1570 3693 1614 3759; x_wconf 90' lang='lat' dir='ltr'><strong>de</strong></span> <span class='ocrx_word' id='word_1_519' title='bbox 1629 3690 1848 3762; x_wconf 89' lang='lat' dir='ltr'><strong>Subtilitate:</strong></span> <span class='ocrx_word' id='word_1_520' title='bbox 1882 3691 2008 3783; x_wconf 85' lang='lat' dir='ltr'><strong>Pingui</strong></span> <span class='ocrx_word' id='word_1_521' title='bbox 2029 3691 2207 3759; x_wconf 90' lang='lat' dir='ltr'><strong>alimento</strong></span> 
     </span>
     <span class='ocr_line' id='line_1_70' title="bbox 1226 3783 2208 3886; baseline 0.011 -37"><span class='ocrx_word' id='word_1_522' title='bbox 1226 3783 1372 3855; x_wconf 88' lang='lat' dir='ltr'><strong>arbores</strong></span> <span class='ocrx_word' id='word_1_523' title='bbox 1387 3802 1550 3860; x_wconf 90' lang='lat' dir='ltr'><strong>crescunt</strong></span> <span class='ocrx_word' id='word_1_524' title='bbox 1562 3815 1636 3861; x_wconf 93' lang='lat' dir='ltr'><strong>non</strong></span> <span class='ocrx_word' id='word_1_525' title='bbox 1657 3794 1771 3872; x_wconf 77' lang='lat' dir='ltr'><strong>salso:</strong></span> <span class='ocrx_word' id='word_1_526' title='bbox 1805 3795 1852 3864; x_wconf 94' lang='lat' dir='ltr'><strong>ob</strong></span> <span class='ocrx_word' id='word_1_527' title='bbox 1876 3794 1913 3864; x_wconf 92' lang='lat' dir='ltr'><strong>id</strong></span> <span class='ocrx_word' id='word_1_528' title='bbox 1933 3791 2208 3886; x_wconf 86' lang='lat' dir='ltr'><strong>pinguissimum</strong></span> 
     </span>
     <span class='ocr_line' id='line_1_71' title="bbox 1225 3886 2208 3982; baseline 0.012 -30"><span class='ocrx_word' id='word_1_529' title='bbox 1225 3895 1260 3953; x_wconf 93' lang='lat' dir='ltr'><strong>et</strong></span> <span class='ocrx_word' id='word_1_530' title='bbox 1274 3886 1423 3959; x_wconf 85' lang='lat' dir='ltr'><strong>minime</strong></span> <span class='ocrx_word' id='word_1_531' title='bbox 1438 3892 1567 3964; x_wconf 87' lang='lat' dir='ltr'><strong>salsum</strong></span> <span class='ocrx_word' id='word_1_532' title='bbox 1583 3891 1706 3964; x_wconf 86' lang='lat' dir='ltr'><strong>Indiae</strong></span> <span class='ocrx_word' id='word_1_533' title='bbox 1720 3896 1836 3982; x_wconf 92' lang='lat' dir='ltr'><strong>solum</strong></span> <span class='ocrx_word' id='word_1_534' title='bbox 1852 3895 2128 3967; x_wconf 84' lang='lat' dir='ltr'><strong>existimandum</strong></span> <span class='ocrx_word' id='word_1_535' title='bbox 2146 3909 2208 3975; x_wconf 86' lang='lat' dir='ltr'><strong>est,</strong></span> 
     </span>
     <span class='ocr_line' id='line_1_72' title="bbox 1225 3989 2206 4080; baseline 0.008 -24"><span class='ocrx_word' id='word_1_536' title='bbox 1225 3989 1324 4080; x_wconf 93' lang='lat' dir='ltr'><strong>quod</strong></span> <span class='ocrx_word' id='word_1_537' title='bbox 1347 3989 1385 4058; x_wconf 93' lang='lat' dir='ltr'><strong>in</strong></span> <span class='ocrx_word' id='word_1_538' title='bbox 1408 3992 1622 4066; x_wconf 90' lang='lat' dir='ltr'><strong>immensum</strong></span> <span class='ocrx_word' id='word_1_539' title='bbox 1646 3995 1698 4066; x_wconf 93' lang='lat' dir='ltr'><strong>ibi</strong></span> <span class='ocrx_word' id='word_1_540' title='bbox 1720 4011 1879 4069; x_wconf 91' lang='lat' dir='ltr'><strong>crescant</strong></span> <span class='ocrx_word' id='word_1_541' title='bbox 1893 3999 2052 4070; x_wconf 89' lang='lat' dir='ltr'><strong>arbores.</strong></span> <span class='ocrx_word' id='word_1_542' title='bbox 2103 3996 2206 4066; x_wconf 85' lang='lat' dir='ltr'><strong>Rele-</strong></span> 
     </span>
     <span class='ocr_line' id='line_1_73' title="bbox 1224 4092 2205 4192; baseline 0.007 -34"><span class='ocrx_word' id='word_1_543' title='bbox 1224 4103 1311 4161; x_wconf 90' lang='lat' dir='ltr'><strong>runt</strong></span> <span class='ocrx_word' id='word_1_544' title='bbox 1324 4092 1420 4162; x_wconf 92' lang='lat' dir='ltr'><strong>enim</strong></span> <span class='ocrx_word' id='word_1_545' title='bbox 1437 4094 1489 4167; x_wconf 91' lang='lat' dir='ltr'><strong>ibi</strong></span> <span class='ocrx_word' id='word_1_546' title='bbox 1504 4099 1685 4192; x_wconf 86' lang='lat' dir='ltr'><strong>quandam</strong></span> <span class='ocrx_word' id='word_1_547' title='bbox 1701 4099 1885 4171; x_wconf 88' lang='lat' dir='ltr'><strong>inventam</strong></span> <span class='ocrx_word' id='word_1_548' title='bbox 1899 4125 1918 4170; x_wconf 92' lang='lat' dir='ltr'><strong>e</strong></span> <span class='ocrx_word' id='word_1_549' title='bbox 1934 4100 2056 4171; x_wconf 89' lang='lat' dir='ltr'><strong>Zebeli</strong></span> <span class='ocrx_word' id='word_1_550' title='bbox 2078 4122 2205 4190; x_wconf 89' lang='lat' dir='ltr'><strong>genere</strong></span> 
     </span>
     <span class='ocr_line' id='line_1_74' title="bbox 1224 4188 2204 4294; baseline 0.01 -36"><span class='ocrx_word' id='word_1_551' title='bbox 1224 4188 1419 4284; x_wconf 88' lang='lat' dir='ltr'><strong>(namhoc</strong></span> <span class='ocrx_word' id='word_1_552' title='bbox 1446 4212 1498 4270; x_wconf 89' lang='lat' dir='ltr'><strong>est</strong></span> <span class='ocrx_word' id='word_1_553' title='bbox 1521 4199 1660 4273; x_wconf 89' lang='lat' dir='ltr'><strong>arboris</strong></span> <span class='ocrx_word' id='word_1_554' title='bbox 1682 4226 1793 4294; x_wconf 90' lang='lat' dir='ltr'><strong>genus</strong></span> <span class='ocrx_word' id='word_1_555' title='bbox 1823 4202 1985 4273; x_wconf 90' lang='lat' dir='ltr'><strong>omnium</strong></span> <span class='ocrx_word' id='word_1_556' title='bbox 2011 4201 2204 4293; x_wconf 80' lang='lat' dir='ltr'><strong>maximae)</strong></span> 
     </span>
     <span class='ocr_line' id='line_1_75' title="bbox 1223 4294 2206 4397; baseline 0.01 -34"><span class='ocrx_word' id='word_1_557' title='bbox 1223 4294 1379 4367; x_wconf 87' lang='lat' dir='ltr'><strong>trifidam</strong></span> <span class='ocrx_word' id='word_1_558' title='bbox 1403 4299 1497 4370; x_wconf 90' lang='lat' dir='ltr'><strong>inter</strong></span> <span class='ocrx_word' id='word_1_559' title='bbox 1521 4315 1711 4389; x_wconf 82' lang='lat' dir='ltr'><strong>caeteras,</strong></span> <span class='ocrx_word' id='word_1_560' title='bbox 1735 4304 1835 4376; x_wconf 91' lang='lat' dir='ltr'><strong>cuius</strong></span> <span class='ocrx_word' id='word_1_561' title='bbox 1861 4304 1993 4397; x_wconf 87' lang='lat' dir='ltr'><strong>singuli</strong></span> <span class='ocrx_word' id='word_1_562' title='bbox 2013 4304 2133 4377; x_wconf 89' lang='lat' dir='ltr'><strong>trunci</strong></span> <span class='ocrx_word' id='word_1_563' title='bbox 2156 4303 2206 4368; x_wconf 72' lang='lat' dir='ltr'><strong>vi·</strong></span> 
     </span>
     <span class='ocr_line' id='line_1_76' title="bbox 1223 4397 2204 4499; baseline 0.007 -35"><span class='ocrx_word' id='word_1_564' title='bbox 1223 4397 1313 4486; x_wconf 90' lang='lat' dir='ltr'><strong>ginti</strong></span> <span class='ocrx_word' id='word_1_565' title='bbox 1343 4402 1475 4490; x_wconf 91' lang='lat' dir='ltr'><strong>pedum</strong></span> <span class='ocrx_word' id='word_1_566' title='bbox 1507 4405 1645 4477; x_wconf 92' lang='lat' dir='ltr'><strong>ambitu</strong></span> <span class='ocrx_word' id='word_1_567' title='bbox 1674 4406 1925 4497; x_wconf 89' lang='lat' dir='ltr'><strong>cingebantur;</strong></span> <span class='ocrx_word' id='word_1_568' title='bbox 1976 4407 2094 4499; x_wconf 89' lang='lat' dir='ltr'><strong>spatia</strong></span> <span class='ocrx_word' id='word_1_569' title='bbox 2120 4428 2204 4476; x_wconf 86' lang='lat' dir='ltr'><strong>vero</strong></span> 
     </span>
     <span class='ocr_line' id='line_1_77' title="bbox 1223 4498 2207 4602; baseline 0.018 -38"><span class='ocrx_word' id='word_1_570' title='bbox 1223 4498 1298 4588; x_wconf 90' lang='lat' dir='ltr'><strong>ipsa</strong></span> <span class='ocrx_word' id='word_1_571' title='bbox 1316 4499 1411 4571; x_wconf 89' lang='lat' dir='ltr'><strong>inter</strong></span> <span class='ocrx_word' id='word_1_572' title='bbox 1425 4516 1571 4578; x_wconf 89' lang='lat' dir='ltr'><strong>truncos</strong></span> <span class='ocrx_word' id='word_1_573' title='bbox 1585 4509 1682 4579; x_wconf 80' lang='lat' dir='ltr'><strong>iuxta</strong></span> <span class='ocrx_word' id='word_1_574' title='bbox 1698 4523 1838 4591; x_wconf 81' lang='lat' dir='ltr'><strong>,terram</strong></span> <span class='ocrx_word' id='word_1_575' title='bbox 1860 4508 2011 4580; x_wconf 87' lang='lat' dir='ltr'><strong>totidem</strong></span> <span class='ocrx_word' id='word_1_576' title='bbox 2039 4509 2207 4602; x_wconf 85' lang='lat' dir='ltr'><strong>pcdibus;</strong></span> 
     </span>
     <span class='ocr_line' id='line_1_78' title="bbox 1222 4601 2205 4704; baseline 0.01 -35"><span class='ocrx_word' id='word_1_577' title='bbox 1222 4624 1287 4692; x_wconf 91' lang='lat' dir='ltr'><strong>per</strong></span> <span class='ocrx_word' id='word_1_578' title='bbox 1300 4601 1377 4693; x_wconf 89' lang='lat' dir='ltr'><strong>ipsa</strong></span> <span class='ocrx_word' id='word_1_579' title='bbox 1394 4630 1480 4676; x_wconf 89' lang='lat' dir='ltr'><strong>vero</strong></span> <span class='ocrx_word' id='word_1_580' title='bbox 1496 4610 1609 4700; x_wconf 91' lang='lat' dir='ltr'><strong>spatia</strong></span> <span class='ocrx_word' id='word_1_581' title='bbox 1634 4634 1760 4685; x_wconf 68' lang='lat' dir='ltr'><strong>eunus</strong></span> <span class='ocrx_word' id='word_1_582' title='bbox 1785 4626 1932 4684; x_wconf 90' lang='lat' dir='ltr'><strong>onustus</strong></span> <span class='ocrx_word' id='word_1_583' title='bbox 1951 4607 2104 4704; x_wconf 90' lang='lat' dir='ltr'><strong>pulchre</strong></span> <span class='ocrx_word' id='word_1_584' title='bbox 2125 4610 2205 4681; x_wconf 88' lang='lat' dir='ltr'><strong>duci</strong></span> 
     </span>
     <span class='ocr_line' id='line_1_79' title="bbox 1222 4709 2243 4811; baseline 0.009 -41"><span class='ocrx_word' id='word_1_585' title='bbox 1222 4715 1376 4794; x_wconf 84' lang='lat' dir='ltr'><strong>poterat.</strong></span> <span class='ocrx_word' id='word_1_586' title='bbox 1437 4711 1485 4779; x_wconf 81' lang='lat' dir='ltr'><strong>At</strong></span> <span class='ocrx_word' id='word_1_587' title='bbox 1507 4710 1567 4781; x_wconf 90' lang='lat' dir='ltr'><strong>ubi</strong></span> <span class='ocrx_word' id='word_1_588' title='bbox 1592 4715 1711 4784; x_wconf 93' lang='lat' dir='ltr'><strong>trunci</strong></span> <span class='ocrx_word' id='word_1_589' title='bbox 1734 4716 1772 4783; x_wconf 90' lang='lat' dir='ltr'><strong>in</strong></span> <span class='ocrx_word' id='word_1_590' title='bbox 1791 4740 1903 4786; x_wconf 90' lang='lat' dir='ltr'><strong>unum</strong></span> <span class='ocrx_word' id='word_1_591' title='bbox 1932 4714 2100 4799; x_wconf 91' lang='lat' dir='ltr'><strong>coibant,</strong></span> <span class='ocrx_word' id='word_1_592' title='bbox 2138 4709 2206 4782; x_wconf 88' lang='lat' dir='ltr'><strong>hoc</strong></span> <span class='ocrx_word' id='word_1_593' title='bbox 2240 4806 2243 4811; x_wconf 19' lang='grc' dir='ltr'>ι</span> 
     </span>
     <span class='ocr_line' id='line_1_80' title="bbox 1222 4816 2206 4913; baseline 0.009 -40"><span class='ocrx_word' id='word_1_594' title='bbox 1222 4818 1384 4877; x_wconf 86' lang='lat' dir='ltr'><strong>autema</strong></span> <span class='ocrx_word' id='word_1_595' title='bbox 1410 4820 1505 4880; x_wconf 89' lang='lat' dir='ltr'><strong>terra</strong></span> <span class='ocrx_word' id='word_1_596' title='bbox 1531 4817 1657 4905; x_wconf 87' lang='lat' dir='ltr'><strong>procul</strong></span> <span class='ocrx_word' id='word_1_597' title='bbox 1685 4818 1835 4909; x_wconf 89' lang='lat' dir='ltr'><strong>pedibus</strong></span> <span class='ocrx_word' id='word_1_598' title='bbox 1864 4816 2069 4913; x_wconf 87' lang='lat' dir='ltr'><strong>quindecim</strong></span> <span class='ocrx_word' id='word_1_599' title='bbox 2131 4830 2206 4886; x_wconf 88' lang='lat' dir='ltr'><strong>erat</strong></span> 
     </span>
     <span class='ocr_line' id='line_1_81' title="bbox 1221 4869 2206 5014; baseline 0.017 -38"><span class='ocrx_word' id='word_1_600' title='bbox 1221 4908 1419 4981; x_wconf 88' lang='lat' dir='ltr'><strong>crassitudo</strong></span> <span class='ocrx_word' id='word_1_601' title='bbox 1445 4915 1585 4986; x_wconf 89' lang='lat' dir='ltr'><strong>arboris</strong></span> <span class='ocrx_word' id='word_1_602' title='bbox 1605 4921 1736 5010; x_wconf 92' lang='lat' dir='ltr'><strong>pedum</strong></span> <span class='ocrx_word' id='word_1_603' title='bbox 1761 4920 1999 5014; x_wconf 87' lang='lat' dir='ltr'><strong>quadraginta</strong></span> <span class='ocrx_word' id='word_1_604' title='bbox 2028 4869 2206 5013; x_wconf 70' lang='lat' dir='ltr'><strong>quihques</strong></span> 
     </span>
     <span class='ocr_line' id='line_1_82' title="bbox 1221 5011 2204 5106; baseline 0.013 -28"><span class='ocrx_word' id='word_1_605' title='bbox 1221 5011 1266 5079; x_wconf 90' lang='lat' dir='ltr'><strong>ab</strong></span> <span class='ocrx_word' id='word_1_606' title='bbox 1299 5011 1372 5081; x_wconf 91' lang='lat' dir='ltr'><strong>ima</strong></span> <span class='ocrx_word' id='word_1_607' title='bbox 1404 5029 1505 5106; x_wconf 87' lang='lat' dir='ltr'><strong>parte</strong></span> <span class='ocrx_word' id='word_1_608' title='bbox 1533 5023 1715 5092; x_wconf 91' lang='lat' dir='ltr'><strong>crassioris</strong></span> <span class='ocrx_word' id='word_1_609' title='bbox 1736 5023 1855 5092; x_wconf 89' lang='lat' dir='ltr'><strong>trunci</strong></span> <span class='ocrx_word' id='word_1_610' title='bbox 1886 5026 1930 5092; x_wconf 92' lang='lat' dir='ltr'><strong>ad</strong></span> <span class='ocrx_word' id='word_1_611' title='bbox 1962 5023 2104 5105; x_wconf 90' lang='lat' dir='ltr'><strong>locum,</strong></span> <span class='ocrx_word' id='word_1_612' title='bbox 2149 5022 2204 5094; x_wconf 87' lang='lat' dir='ltr'><strong>ubi</strong></span> 
     </span>
     <span class='ocr_line' id='line_1_83' title="bbox 1218 5114 2205 5218; baseline 0.015 -36"><span class='ocrx_word' id='word_1_613' title='bbox 1218 5114 1342 5203; x_wconf 90' lang='lat' dir='ltr'><strong>primo</strong></span> <span class='ocrx_word' id='word_1_614' title='bbox 1357 5119 1552 5207; x_wconf 92' lang='lat' dir='ltr'><strong>prodibant</strong></span> <span class='ocrx_word' id='word_1_615' title='bbox 1567 5123 1680 5207; x_wconf 88' lang='lat' dir='ltr'><strong>rami,</strong></span> <span class='ocrx_word' id='word_1_616' title='bbox 1707 5126 1814 5215; x_wconf 88' lang='lat' dir='ltr'><strong>pedes</strong></span> <span class='ocrx_word' id='word_1_617' title='bbox 1826 5125 1895 5204; x_wconf 81' lang='lat'><strong>80;</strong></span> <span class='ocrx_word' id='word_1_618' title='bbox 1927 5125 2094 5218; x_wconf 89' lang='lat' dir='ltr'><strong>superior</strong></span> <span class='ocrx_word' id='word_1_619' title='bbox 2112 5148 2205 5218; x_wconf 87' lang='lat' dir='ltr'><strong>pars.</strong></span> 
     </span>
     <span class='ocr_line' id='line_1_84' title="bbox 1218 5221 2203 5320; baseline 0.01 -38"><span class='ocrx_word' id='word_1_620' title='bbox 1218 5236 1263 5282; x_wconf 86' lang='lat' dir='ltr'><strong>ex</strong></span> <span class='ocrx_word' id='word_1_621' title='bbox 1279 5240 1348 5308; x_wconf 90' lang='lat' dir='ltr'><strong>qua</strong></span> <span class='ocrx_word' id='word_1_622' title='bbox 1363 5221 1455 5287; x_wconf 85' lang='lat' dir='ltr'><strong>rami</strong></span> <span class='ocrx_word' id='word_1_623' title='bbox 1468 5224 1694 5313; x_wconf 81' lang='lat' dir='ltr'><strong>pendebant,</strong></span> <span class='ocrx_word' id='word_1_624' title='bbox 1719 5226 1853 5320; x_wconf 84' lang='lat' dir='ltr'><strong>absque</strong></span> <span class='ocrx_word' id='word_1_625' title='bbox 1871 5250 2061 5301; x_wconf 88' lang='lat' dir='ltr'><strong>mensurae</strong></span> <span class='ocrx_word' id='word_1_626' title='bbox 2083 5232 2203 5300; x_wconf 88' lang='lat' dir='ltr'><strong>modo.</strong></span> 
     </span>
    </p>
   </div>
   <div class='ocr_carea' id='block_1_17' title="bbox 1216 5354 1413 5377">
    <p class='ocr_par' dir='ltr' id='par_1_24' title="bbox 1216 5354 1413 5377">
     <span class='ocr_line' id='line_1_85' title="bbox 1216 5354 1413 5377; baseline 0 -7"><span class='ocrx_word' id='word_1_627' title='bbox 1216 5354 1413 5377; x_wconf 67' lang='grc' dir='ltr'><strong>-υ--μ</strong></span> 
     </span>
    </p>
   </div>
   <div class='ocr_carea' id='block_1_18' title="bbox 1250 5433 1731 5595">
    <p class='ocr_par' dir='ltr' id='par_1_25' title="bbox 1250 5433 1731 5595">
     <span class='ocr_line' id='line_1_86' title="bbox 1250 5433 1679 5507; baseline 0.019 -21"><span class='ocrx_word' id='word_1_628' title='bbox 1250 5433 1300 5494; x_wconf 68' lang='grc'><strong>28)</strong></span> <span class='ocrx_word' id='word_1_629' title='bbox 1318 5437 1395 5488; x_wconf 78' lang='lat' dir='ltr'><strong>llottu</strong></span> <span class='ocrx_word' id='word_1_630' title='bbox 1407 5438 1466 5493; x_wconf 67' lang='grc' dir='ltr'><strong>Μ.</strong></span> <span class='ocrx_word' id='word_1_631' title='bbox 1485 5439 1534 5507; x_wconf 81' lang='grc' dir='ltr'><strong>Ν,</strong></span> <span class='ocrx_word' id='word_1_632' title='bbox 1553 5441 1606 5493; x_wconf 71' lang='grc'><strong>884</strong></span> <span class='ocrx_word' id='word_1_633' title='bbox 1619 5454 1679 5506; x_wconf 80' lang='lat' dir='ltr'><strong>sqq.</strong></span> 
     </span>
     <span class='ocr_line' id='line_1_87' title="bbox 1251 5520 1731 5595; baseline 0.021 -25"><span class='ocrx_word' id='word_1_634' title='bbox 1251 5520 1299 5587; x_wconf 78' lang='lat'><strong>2⁴)</strong></span> <span class='ocrx_word' id='word_1_635' title='bbox 1320 5521 1400 5588; x_wconf 79' lang='lat' dir='ltr'><strong>Vtrg.</strong></span> <span class='ocrx_word' id='word_1_636' title='bbox 1419 5524 1521 5592; x_wconf 66' lang='lat' dir='ltr'><strong>soors.</strong></span> <span class='ocrx_word' id='word_1_637' title='bbox 1539 5529 1588 5595; x_wconf 85' lang='lat' dir='ltr'><strong>lv,</strong></span> <span class='ocrx_word' id='word_1_638' title='bbox 1606 5527 1731 5592; x_wconf 63' lang='lat' dir='ltr'><strong>obtare.</strong></span> 
     </span>
    </p>
   </div>
   <div class='ocr_carea' id='block_1_19' title="bbox 0 0 2396 6256">
    <p class='ocr_par' dir='ltr' id='par_1_26' title="bbox 0 0 2396 6256">
     <span class='ocr_line' id='line_1_88' title="bbox 0 0 2396 6256; baseline 0 9"><span class='ocrx_word' id='word_1_639' title='bbox 0 0 2396 6256; x_wconf 95' lang='lat' dir='ltr'><strong> </strong></span> 
     </span>
    </p>
   </div>
  </div>
 </body>
</html>
