4784 6256
289 281 339 358 527
407 243 413 256 '
688 212 691 224 ’
749 360 751 367 4
871 259 1002 335 rma.
1029 261 1142 335 urat,
1169 259 1371 336 scuram
1397 261 1731 336 ernuotootcs.
1885 268 1888 275 ·
1980 308 1985 323 .
2276 266 2326 339 η

392 442 580 523 Teutobo,
607 461 693 508 num
709 435 802 503 forte
816 443 851 501 et
867 434 975 523 pedes
990 434 1114 507 vinum
1132 426 1284 518 babeat,
1320 429 1411 508 '555
1441 437 1635 531 Nunquam
1652 434 1780 508 servile
1798 445 1904 524 eaput
1918 445 2055 503 rectum
2076 436 2202 505 uatum
2221 448 2291 517 est,

345 552 391 621 lit
411 559 568 618 mentem
591 542 630 610 in
652 534 871 632 pectoribus3
912 536 1023 607 timeo
1053 549 1196 619 autem,
1237 562 1283 623 ne
1438 541 1507 610 Sed
1520 564 1661 632 semper
1675 538 1882 631 obliquum,
1907 548 1943 606 et
1955 537 2128 607 cervicem
2145 538 2327 633 obliquam

705 637 793 732 quid
804 637 951 708 stultum
1758 635 1877 708 habete

395 751 540 824 Faciam
557 743 695 824 ebrius,
716 754 754 811 et
765 764 936 833 magnum
951 743 1107 829 dethcue
1120 736 1284 813 babeam.
1388 744 1513 837 Neque
1538 745 1633 813 enim
1658 767 1700 811 ex
1724 741 1822 812 scilla
1844 755 2184 829 mensurentur,
2212 767 2328 836 neque

345 858 478 925 Vinum
509 860 673 941 potatum
697 844 840 934 copiose
864 845 1000 915 malum
1032 856 1099 922 θείς
1139 843 1169 914 si
1198 868 1284 912 vcro
1600 909 1604 913 .
1744 836 1975 936 hyacintbus,
2047 858 2065 867 ⁴·

701 946 782 1041 quis
796 945 913 1037 ipsum
988 988 993 1001 ι
1224 950 1230 959 “
1439 947 1564 1040 Neque
1579 971 1737 1039 unquam
1755 971 1797 1015 ex
1809 945 1938 1014 aneilla
1954 942 2046 1012 tilius
2066 945 2252 1035 ingenuus.

296 1067 370 1140 510
395 1058 502 1129 Bibat
519 1052 710 1143 sapienter,
736 1072 811 1119 ¹¹0ss
826 1050 964 1121 malum
976 1061 1039 1133 til,
1061 1050 1122 1119 sed
1136 1049 1286 1117 b0¹¹¹111¹0
1390 1049 1517 1127 Nullus
1546 1052 1619 1132 vir,
1659 1048 1770 1118 amice
1792 1047 1930 1141 Cyme,
1970 1050 2157 1138 compedes
2178 1049 2332 1119 fabricat

343 1157 482 1234 Venisti
503 1178 608 1237 sane,
634 1150 857 1234 oCleariste,
889 1151 1108 1243 profundum
1134 1160 1285 1242 pontum
1750 1150 1839 1231 sibi,
1884 1192 1888 1199 ·

704 1263 914 1345 permensus
1340 1250 1416 1324 540
1443 1254 1570 1323 sinon
1587 1277 1704 1322 meam
1723 1265 1879 1321 mentem
1896 1250 2079 1342 decipiunt
2092 1248 2165 1318 Dii.

400 1367 479 1437 lluc
493 1362 539 1429 ad
554 1354 644 1428 nihil
658 1352 872 1439 habentem,
906 1355 1081 1439 omiser,
1111 1350 1204 1427 rtiltil
1225 1351 1288 1424 ha·
1391 1356 1544 1441 Timeo,
1567 1380 1612 1425 ne
1635 1352 1727 1425 hauc
1751 1355 1953 1436 civitatem,
1986 1351 2245 1443 ol'olypaeda‚
2278 1353 2331 1420 in-

718 1459 817 1528 bens.
1750 1456 1855 1538 iuria,
2215 1446 2221 1454 ’

347 1575 456 1651 Navis
471 1589 555 1641 sane
571 1561 744 1633 lateribus
758 1561 824 1631 sub
840 1572 997 1631 transtra
1012 1582 1189 1652 ponemus
1209 1582 1289 1639 nos,
1443 1560 1545 1650 Quae
1561 1559 1761 1631 Centauros
1771 1559 2004 1645 ,erudivomu
2032 1559 2169 1648 perdat.

400 1668 642 1749 0Cleariste‚
684 1686 775 1756 quae
804 1657 996 1743 babemus,
1040 1676 1074 1730 et
1102 1687 1194 1755 quae
1228 1661 1291 1729 tri·
1392 1658 1546 1755 Oportet
1562 1687 1619 1731 me
1638 1664 1683 1731 ad
1707 1662 1894 1742 amussim,
1927 1671 1962 1728 et
1984 1671 2118 1728 rectam
2142 1658 2333 1738 rationem,

700 1766 817 1835 bunut
837 1762 909 1835 Dii.
1440 1784 1456 1795 '
1722 1806 1728 1820 ι
1759 1762 1851 1836 hanc
1866 1763 2043 1845 iudicare,

300 1884 374 1960 515
400 1880 538 1955 Eorum
562 1883 701 1949 autem,
728 1888 820 1959 quta
837 1876 922 1939 ml
949 1867 1118 1958 mist),
1155 1862 1289 1958 optima
1444 1865 1583 1958 Cyme,
1609 1890 1773 1951 causam,
1799 1888 2024 1962 aequumque
2039 1865 2199 1958 utrisque
2214 1866 2319 1943 dare,

687 1968 872 2049 dabimuat
896 1971 926 2039 si
945 1992 1029 2037 vero
1047 1970 1126 2063 quis
1142 1964 1292 2048 venerit,
1344 1965 1418 2040 545
1444 1967 1613 2061 Vatibus,
1640 1970 1836 2064 avibusque
1850 1981 1886 2038 et
1898 1968 2106 2039 ardentibus
2119 1966 2317 2049 sacrificiis,

404 2094 432 2160 0
444 2079 591 2174 iupiter,
608 2074 742 2143 amicus
756 2069 819 2164 qui
832 2069 892 2155 sit,
910 2073 1021 2143 ὅσα·
1035 2075 1086 2141 eit
1111 2071 1291 2149 recumbe,
1446 2071 1495 2140 Ut
1512 2096 1587 2141 uon
1605 2073 1737 2142 erroris
1751 2086 1855 2162 turpe
1869 2070 2021 2140 ‘dederas
2036 2067 2201 2138 habeam.

446 2265 453 2287 ,
714 2186 755 2245 ut
769 2171 963 2243 amicitiam
979 2169 1106 2250 baben
1393 2173 1582 2245 Neminem
1600 2198 1760 2269 uuquam
1777 2175 1874 2241 malo
1886 2171 1932 2265 ⁴⁴)
1947 2196 2051 2261 urge,
2076 2175 2136 2241 sed
2156 2175 2262 2243 iusto.

246 2306 249 2310 ’
352 2294 478 2386 Neque
494 2286 581 2380 qnid
596 2281 806 2353 facultatum
822 2299 984 2346 mearum
1009 2277 1131 2345 celabo
1154 2287 1204 2357 te,
1231 2297 1292 2342 ne·
1445 2272 1684 2347 Bencfieentia
1700 2270 2005 2347 nihitmmelius.
2286 2358 2294 2367 .

472 2386 477 2400 “
715 2403 785 2473 que
805 2379 892 2471 quid
908 2379 1024 2449 maius
1393 2376 1686 2461 Nuntimqmus
1698 2376 1831 2446 bellom
1849 2373 2151 2469 mubilffieymrtm
2171 2364 2334 2458 excitat&

406 2493 481 2565 Tui
497 2511 601 2560 eausa
619 2481 767 2574 hospitii
782 2481 927 2550 aliunde
942 2481 1141 2551 afferemus.
1345 2475 1421 2549 550
1448 2479 1590 2572 Cyrne‘,
1623 2504 1665 2549 ex
1694 2479 1819 2568 procul
1840 2476 2030 2567 conspicua
2057 2501 2235 2567 apparens
2256 2501 2334 2567 spe-

355 2600 391 2670 Si
415 2617 502 2667 vero
526 2592 605 2687 quis
627 2595 858 2680 percontetur
875 2587 918 2653 de
939 2607 1025 2655 mea
1043 2584 1136 2663 vita,
1170 2583 1219 2653 sic
1241 2577 1294 2649 illi
1590 2578 1601 2621 ,·
1754 2580 1843 2648 cula.

363 2732 376 2753 .
715 2684 841 2756 dicito:
1398 2685 1497 2775 Quin
1511 2684 1612 2776 equis
1631 2682 1737 2750 iniice
1754 2681 1935 2750 velocibus
1950 2682 2069 2757 irenen

305 2802 380 2878 520
407 2800 512 2892 Quod
529 2799 620 2866 bene
635 2790 779 2886 quidem
796 2786 1006 2868 dillrculter,
1034 2784 1132 2879 quod
1147 2780 1295 2889 difficul·
1446 2785 1645 2859 Hostilibus
1662 2784 1759 2855 enim
1774 2784 1871 2875 ipsos
1888 2781 1973 2852 viris
1988 2800 2197 2855 occursuro
2217 2779 2336 2847 video.

709 2903 764 2961 ter
781 2888 1069 2973 veroamaxime
1083 2889 1194 2969 bette,
1396 2889 1478 2961 Non
1498 2888 1611 2956 multo
1629 2887 1745 2978 spatio
1760 2885 2026 2977 pertransibunt
2038 2883 2221 2961 semitam,

353 3009 429 3088 Sic,
453 3017 494 3073 ut
506 3023 619 3072 unum
637 2993 781 3086 quidem
797 2986 975 3079 hospitem
991 2989 1204 3084 patriumfl)
1220 3007 1310 3057 oon·
1340 3038 1343 3043 ,
1450 2991 1529 3063 Nisi
1543 3012 1663 3081 mam
1677 2985 2060 3089 mentemdalluffllii,

714 3090 883 3171 reiioere,
1145 3108 1154 3121 '‘
1349 3092 1424 3167 555
1450 3093 1605 3185 Oportet
1619 3093 1705 3160 forti
1722 3116 1794 3163 esse
1811 3090 1933 3160 auimo
1955 3088 2119 3182 gravibus
2142 3083 2341 3159 mutatori-

407 3204 521 3279 Xenia
537 3222 623 3267 vero
639 3196 742 3285 plura
758 3205 813 3261 est
826 3213 901 3260 nou
910 3201 1045 3278 potens
1058 3193 1239 3280 praebere.
1753 3196 1822 3264 hus
1835 3194 2067 3264 constitutum
2083 3190 2223 3270 virum,

353 3313 437 3384 Non
452 3320 486 3375 te
507 3305 658 3380 frustra,
689 3292 851 3373 oPlute,
885 3291 1056 3361 mortales
1076 3291 1200 3363 colunt
1220 3316 1297 3359 ma·
1450 3300 1552 3392 Aque
1578 3297 1710 3394 Diistt)
1740 3309 1860 3388 petere
1883 3296 2130 3366 liberationem
2154 3293 2340 3359 immorta-

716 3396 830 3472 ximet
1759 3400 1864 3470 libus.

410 3511 562 3580 Revera
578 3499 673 3571 euim
689 3496 793 3568 lacile
810 3495 1048 3565 calamitatem
1064 3496 1146 3566 lars.
1400 3501 1609 3586 Considera,
1630 3502 1829 3595 perieulum
1847 3500 1992 3596 quidem
2006 3499 2046 3567 in
2059 3495 2256 3568 novaculae
2272 3504 2341 3565 stat

309 3614 383 3693 525
406 3608 547 3685 Etenim
559 3604 702 3675 divitias
715 3599 861 3694 quidem
876 3596 1006 3668 habere
1019 3600 1134 3670 bonos
1150 3621 1216 3689 par
1230 3610 1297 3676 est;
1758 3604 1855 3687 acie,

410 3720 608 3806 Paupertas
625 3729 711 3777 vero
726 3701 1028 3773 malooommoda
1046 3701 1243 3798 virolerre.
1453 3709 1658 3804 Aliquando
1689 3708 1799 3777 multa
1836 3702 2003 3781 habebis,
2037 3701 2231 3794 aliquando
2254 3720 2341 3789 pau·

360 3825 440 3895 Heu
472 3839 589 3893 meam
626 3810 871 3901 pubertatem,
911 3817 947 3875 et
980 3816 1195 3876 senectutem
1228 3801 1298 3872 exi·
1757 3807 1874 3876 cisra:

716 3908 860 3989 tidem,
1403 3910 1454 3982 lta
1489 3924 1529 3980 ut
1556 3924 1595 3980 tu
1628 3934 1743 4003 neque
1772 3908 1876 3978 valdo
1905 3906 2091 3981 abundans
2113 3902 2343 3999 possessioni·

313 4050 317 4055 ’
413 4020 515 4090 lianc
531 4015 676 4109 quidem
694 4011 955 4093 imminentem,
973 4007 1070 4078 illam
1087 4030 1174 4077 vero
1191 4003 1300 4076 disce·
1765 4010 1833 4083 bus
1852 4012 1951 4093 fimi*
2001 4009 2005 4015 ’
2090 4042 2102 4073 s
2222 4020 2224 4025 '

723 4117 880 4183 ‹lentem-
1353 4113 1429 4188 560
1455 4116 1579 4211 Neque
1596 4128 1636 4186 tu
1652 4115 1690 4185 in
1704 4114 1856 4186 multam
1872 4110 2091 4203 opulentiam
2105 4109 2247 4176 evadas.

363 4227 487 4317 Neque
505 4240 723 4314 quemquam
742 4212 887 4308 Pr⁰dldl
905 4209 1078 4295 amicum,
1104 4224 1139 4282 ‘l
1162 4208 1301 4277 fidelem
1405 4220 1459 4289 sit
1488 4217 1580 4290 milri
1607 4220 1677 4289 alia
1710 4218 1854 4314 quidem
1883 4239 1943 4284 me
1964 4208 2113 4293 habere,
2153 4207 2222 4277 alia
2256 4229 2343 4273 vero

720 4318 877 4401 socium,
1759 4320 1871 4388 multa
1889 4319 2046 4399 muare,
2188 4362 2198 4379 .-
2248 4322 2251 4327 ’

315 4432 390 4503 580
415 4429 538 4522 Neque
554 4426 593 4495 in
608 4447 688 4493 meo
703 4423 825 4492 animo
840 4415 1005 4490 dololum
1021 4409 1113 4485 nihil
1127 4414 1229 4485 inest.
1458 4419 1554 4512 Opes
1571 4418 1728 4490 bostium
1744 4420 1868 4490 amicis
1882 4416 2027 4489 babere.

364 4536 511 4622 Semper
525 4523 616 4596 mibi
632 4522 780 4595 charum
802 4547 864 4592 cor
885 4519 1038 4603 exultat,
1072 4519 1217 4608 quando
1242 4539 1303 4586 au·
1406 4522 1537 4593 Vocari
1553 4547 1638 4592 vero
1654 4525 1701 4592 ad
1714 4523 1941 4607 convivium,
1973 4525 2097 4593 sedere
2113 4529 2236 4595 suum
2247 4515 2344 4589 iuxta

717 4626 818 4693 dieto
1627 4683 1630 4689 .
1762 4629 1897 4698 bonurn

417 4732 542 4799 Tibiae
558 4739 725 4798 sonantes
742 4719 1013 4794 desiderabilem
1030 4741 1171 4788 sonum.
1458 4726 1605 4810 Virum,
1631 4728 1754 4798 utilem
1772 4729 1984 4822 sapientiam
2002 4748 2147 4796 omnem
2164 4723 2348 4798 scientem,

366 4836 498 4904 Laetor
515 4832 704 4899 verobene
721 4828 864 4907 bibens,
891 4835 926 4892 et
942 4820 1124 4891 tibicinem
1140 4818 1305 4895 audiena
1358 4824 1434 4899 666
1461 4833 1573 4903 cm
1594 4831 1835 4924 intelligendi,
1874 4831 2021 4926 quando
2050 4825 2190 4920 aliquid
2220 4820 2350 4892 dixerit

416 4933 548 5003 Laetor
571 4958 656 5002 vero
676 4934 895 5001 benesonatn
927 4923 1091 5001 manibus
1117 4921 1232 5013 lyram
1256 4934 1306 4988 le·
1767 4936 1928 5027 sepiens,
1954 4944 1994 5001 ut
2016 4928 2197 5005 docearis,

725 5056 830 5105 nens:

341 5270 347 5281 ,
573 5266 580 5277 ,
1129 5254 1132 5259 ,
1394 5215 1443 5278 te)
1465 5215 1552 5273 usto]
1576 5212 1619 5261 ste
1641 5212 1688 5277 (.-.
1713 5215 1833 5277 recogn.
1857 5208 2000 5273 sanam)
2024 5208 2106 5259 rent
2128 5204 2191 5255 rtet
2210 5226 2244 5242 -
2259 5201 2353 5265 teta,

354 5307 403 5365 41)
420 5299 518 5368 notis]
534 5302 564 5352 le
579 5298 631 5353 tto.
646 5297 721 5352 Μ.
739 5297 829 5348 deest.
1430 5283 1480 5345 ss.-
1496 5283 1570 5335 stffl·
1588 5283 1668 5334 ΜΦ·
1815 5351 1819 5359 ,

352 5405 555 5529 ualet
1395 5381 1764 5518 “laetatae
1777 5378 2149 5523 uertatur
2168 5376 2252 5437 ”t
