4784 6256
174 322 250 400 661·
758 312 881 386 Pfflt..
907 314 1020 386 MEL.
1045 308 1248 384 scalpra
1273 307 1610 382 PHILOLOGICA.
2131 308 2206 388 662

156 475 159 479 ’
277 494 386 564 Ratio
398 489 574 561 naturalis
592 486 785 557 secundum
802 483 973 554 Senecam
991 480 1159 565 esthaec,
1211 495 1293 551 eent
1319 483 1409 551 adeo
1440 480 1627 574 ambigue,
1666 491 1708 550 1¹1
1727 480 1883 564 melas,
1916 492 2038 550 ultam
2063 495 2203 554 δθῐὶῑθῐὶ·

176 600 282 694 quia,
314 598 405 667 sicut
428 593 599 671 ebrietas,
622 591 736 675 donec
758 587 950 658 exsiccetur
967 582 1158 685 dementia,
1212 583 1312 668 tiam,
1339 579 1432 653 hanc
1447 585 1504 653 vel
1517 584 1617 653 illam
1635 584 1848 675 approbent.
1880 580 1929 651 Hi
1943 584 2051 677 quasi
2064 596 2204 657 utrum-

173 703 286 771 nimia
308 697 481 787 gravitate
502 694 659 760 defertur
679 689 717 758 in
743 713 927 759 somnum:
971 687 1021 757 ‘sic
1044 708 1158 778 aquae
1212 709 1280 778 que
1312 708 1457 770 sexum,
1496 710 1592 756 nunc
1618 707 1777 769 marem,
1820 709 1917 755 nunc
1944 686 2123 757 feminam
2151 715 2204 760 re·

173 798 281 873 huius
308 792 502 887 sulphurea
534 795 587 861 vis
616 787 725 859 habet
753 794 934 884 quoddam
968 790 1084 857 acrius
1117 811 1159 857 ex

174 921 256 977 aere
269 901 378 968 noxio
403 897 521 977 virus,
549 894 646 986 quod
672 905 828 999 mentem
852 905 914 962 aut
936 894 1056 960 surore
1071 912 1158 977 <mo-

173 1017 252 1086 vet,
278 1014 340 1070 aut
357 1021 487 1090 sopore
504 994 687 1087 opprimit.

402 1147 696 1241 Hyperborei
720 1148 930 1239 plumati.

223 1290 302 1360 Vss.
318 1284 393 1357 356
410 1311 464 1378 sq.
490 1288 573 1354 Esse
589 1306 679 1451 Ἠ
696 1282 792 1370 fama
816 1294 866 1354 est
889 1288 926 1351 in
942 1281 1159 1370 Hyperborea

622 1407 643 1451 o
669 1406 748 1465 ene,

227 1496 293 1580 Qui
306 1493 434 1560 soleant
447 1486 570 1554 levidus
582 1486 689 1553 velari
701 1506 841 1571 corpora
856 1484 992 1571 plumis.

275 1611 347 1681 Per
361 1628 512 1697 corpora
528 1602 689 1694 plumata
705 1602 847 1670 videtur
871 1600 1071 1689 intelligere
1095 1593 1160 1668 ho-

172 1690 289 1784 mines
304 1712 386 1780 nive
404 1727 625 1795 conspersos.
685 1702 778 1773 Nam
793 1701 1054 1797 Herodotusffl)
1075 1702 1160 1770 scri-

172 1818 227 1887 bit
240 1836 395 1908 pennas,
423 1808 552 1903 quibus
567 1806 662 1873 ultra
676 1805 892 1898 Aquilonem
916 1820 978 1878 aer
997 1803 1160 1895 oppletus

173 1918 340 2008 fingitur,
365 1911 563 2001 significare
576 1906 687 1975 nives.
742 1906 830 1975 Cum
849 1906 959 1996 igitur
974 1906 1069 1996 apud
1086 1904 1160 1998 Hy-

174 2019 371 2112 pcrboreos
387 2015 515 2082 densae
532 2020 567 2077 et
580 2010 654 2077 sere
679 2008 870 2076 continuae
891 2008 992 2079 nives
1018 2008 1161 2089 cadant,

174 2120 295 2191 fabula
322 2114 442 2191 innuit
466 2108 629 2181 homines
651 2108 723 2176 illic
747 2122 927 2180 versantes
951 2109 1063 2177 velari
1082 2111 1160 2200 plu-

173 2222 263 2305 mis,
286 2215 356 2288 hoc
371 2229 440 2298 est,
466 2213 549 2280 nive
565 2209 762 2301 conspergi.
813 2210 952 2282 Horum
974 2210 1095 2301 regio,
1122 2223 1162 2280 ut

174 2318 389 2409 Pliniusss')
407 2315 536 2399 tradit,
570 2314 616 2379 ad
631 2305 839 2402 Rhiphaeos
857 2325 997 2382 montes
1012 2313 1080 2383 sita
1097 2325 1161 2396 est,

176 2437 212 2493 et
235 2447 255 2492 a
277 2417 510 2492 similitudine
534 2437 737 2506 pennarum
769 2407 1000 2510 πτεροφόρος
1025 2438 1162 2484 nuncu.

174 2538 295 2617 patur.

278 2669 537 2742 Crabrones
566 2690 616 2734 ex
641 2689 755 2758 equo
784 2666 1059 2756 putrefacto.

225 2808 287 2878 Vs.
304 2804 393 2880 568.
418 2809 562 2873 Presaus
583 2802 682 2871 humo
704 2801 845 2870 bellator
863 2824 966 2894 equus
986 2804 1163 2872 crabronis

589 2907 681 2993 oripo
700 2913 761 2972 est.

279 3022 483 3094 Crabrones
520 3044 563 3088 ex
605 3042 697 3112 equo
732 3019 918 3108 generati,
972 3019 1161 3112 allegorice

106 3120 110 3129 ¹
176 3124 378 3215 significant
394 3125 585 3212 degeneres
602 3119 763 3211 equitum
778 3119 929 3204 liberos,
961 3122 1024 3213 qui
1046 3146 1067 3190 a
1090 3123 1162 3191 vir-

177 3237 253 3295 tute
266 3222 390 3291 bellica
411 3220 519 3289 alieni
533 3221 623 3286 fiunt
638 3219 858 3307 praedones,
885 3234 920 3289 et
935 3220 1063 3291 itinera
1082 3226 1162 3292 red·

177 3327 269 3396 dunt
285 3324 432 3403 infesta,
463 3320 554 3388 sicut
580 3319 772 3386 crabrones
793 3319 927 3406 solent,
962 3344 1004 3390 ex
1024 3324 1163 3393 arbori-

175 3430 244 3497 bus
259 3423 356 3495 iuxta
373 3421 468 3490 viam
491 3431 726 3512 erumpentes.

280 3576 526 3669 Serpentes
557 3597 608 3642 ex
633 3570 830 3643 medulla
858 3569 1061 3646 humana.

228 3715 305 3787 Vss.
323 3713 398 3815 38¹9
414 3738 466 3807 sq.
505 3717 596 3783 Sunt
624 3716 700 3805 qui,
742 3735 815 3779 cum
839 3715 950 3783 clauso
969 3713 1161 3805 putrefacta

591 3823 642 3879 cst
659 3818 758 3900 spina
774 3815 968 3899 sepulchro,

114 3929 119 3938 '
228 3914 418 4004 Mutarim)
437 3914 575 3980 credam
589 3912 756 3978 dumanas
772 3936 879 4000 angue
892 3919 1064 3986 medullas.

280 4030 434 4120 Serpens
447 4027 551 4093 initio
566 4027 688 4115 generi
702 4022 860 4096 humano
875 4055 978 4100 suum
994 4036 1092 4106 virus
1108 4037 1161 4104 in·

177 4131 282 4203 fudit.
334 4131 458 4222 ltaque
472 4151 548 4195 non
564 4126 697 4196 mirum
712 4142 785 4214 est,
811 4131 842 4199 si
856 4156 898 4201 ex
914 4129 1071 4205 humana
1088 4164 1162 4208 me-

176 4235 274 4304 dulla
284 4242 466 4324 serpentes
477 4241 691 4338 generentur
705 4244 854 4324 propter
868 4229 936 4305 hoc
945 4239 1160 4332 contagium.

550 4386 787 4480 Hyaena.

230 4521 307 4593 Vss.
322 4520 397 4594 409
412 4548 464 4615 sq.
516 4548 600 4618 quoe
613 4528 707 4594 modo
717 4525 849 4614 semino
865 4540 958 4620 tergo

228 4629 338 4696 Passa
360 4650 487 4695 marem
511 4637 579 4708 est,
623 4652 712 4697 nunc
740 4653 811 4698 esse
840 4655 969 4701 marem
998 4638 1162 4704 miremur

584 4727 761 4815 hyaenam.

279 4846 386 4916 Tales
398 4841 559 4938 hyaenae
574 4859 657 4916 sunt
671 4843 850 4940 theologi,
876 4851 937 4942 qui
961 4853 1005 4919 de
1026 4852 1160 4941 gravis-

176 4947 276 5019 simis
296 4948 473 5018 Ecclesiae
495 4944 746 5022 controversiis
767 4953 1005 5044 pronuntiant
1032 4977 1073 5022 ac
1096 4955 1160 5022 do·

209 5178 259 5242 ⁸2)
281 5181 411 5232 uerodot
429 5179 485 5249 lv,
504 5181 549 5232 29.

209 5265 364 5394 mlssllltp.
390 5269 452 5321 Nat.
475 5267 548 5317 illst.
573 5264 622 5314 lv.
648 5263 727 5315 ow.
751 5265 802 5315 Ed
822 5265 925 5317 Franz.
952 5263 1159 5332 (c.12.1tuttt.

242 5345 278 5384 su
302 5349 352 5398 q..

205 5417 258 5477 51)
274 5420 408 5482 Mutari]
425 5413 663 5471 1155515555.
681 5414 731 5483 (=
748 5418 828 5470 0vld.
843 5420 895 5473 Ed.
912 5419 1052 5484 llltscb.);
1074 5420 1159 5472 utttt.

244 5487 321 5540 1555.
336 5499 379 5552 s.,
406 5488 481 5538 1559.
499 5487 629 5543 sturme.

1191 1810 1196 1817 ι

1209 786 1341 857 ferunt.

1404 985 1684 1077 Hippolytus
1710 985 1757 1053 in
1780 983 2004 1058 Virbium.

1260 1139 1322 1208 Vs.
1344 1134 1430 1207 544.
1475 1161 1565 1206 nunc
1579 1139 1666 1206 idem
1687 1137 1824 1206 Virbius
1836 1147 1906 1205 esto
1926 1150 1992 1207 etc.

1313 1272 1502 1363 llippolyti
1533 1271 1732 1363 exemplum
1759 1272 1882 1353 docet,
1917 1295 2041 1362 preces
2071 1299 2202 1366 paren·

1210 1386 1286 1443 tum
1318 1377 1487 1442 adversus
1509 1372 1640 1441 liberos
1669 1370 1786 1440 aDeo
1822 1374 2001 1443 exaudiri:
2046 1377 2200 1476 ideoque

1210 1477 1394 1544 vitandam
1411 1499 1485 1545 esse
1501 1487 1691 1565 parentum
1708 1474 1956 1548 offensionem.
2019 1478 2133 1566 Nam,
2159 1496 2199 1554 ut

1211 1578 1417 1666 gravissime
1441 1577 1560 1669 inquit
1580 1575 1683 1644 Plato
1709 1579 1752 1645 de
1778 1577 1991 1675 tegibuw),
2029 1579 2122 1653 nibil
2137 1598 2201 1677 ¹est

1210 1680 1331 1751 liberis
1346 1679 1579 1771 perniciosius
1594 1679 1877 1750 execrationibus
1890 1694 2093 1771 parentum.
2117 1680 2201 1756 vir-

1210 1782 1290 1852 bius
1307 1794 1446 1864 autem,
1473 1781 1536 1872 qui
1550 1804 1587 1850 se
1603 1781 1749 1849 iactavit
1761 1778 2015 1874 Hippolytum,
2044 1787 2113 1856 suit
2129 1789 2200 1857 im·

1211 1897 1337 1975 postor
1352 1884 1585 1965 subornatus,
1611 1894 1652 1951 ut
1668 1880 1829 1965 videtur,
1855 1907 1875 1950 a
1889 1885 2088 1956 sacrificulis
2103 1887 2193 1957 Dia-¹

1211 2008 1280 2054 nae
1316 1985 1487 2054 Aretinae
1519 1985 1565 2052 ad
1596 1983 1845 2079 celebrandum
1874 1984 1990 2055 lucum
2005 1986 2073 2082 ο5),
2114 2014 2191 2083 quo

1213 2086 1329 2155 maior
1343 2082 1532 2156 hominum
1550 2058 1743 2158 concbrsus
1758 2087 1845 2156 istuc
1860 2087 1970 2158 fieret.
2024 2087 2069 2158 ld
2094 2092 2198 2162 enim

1213 2201 1290 2258 erat
1314 2202 1566 2283 quaestuosum
1588 2189 1805 2259 sacrificulis.
1862 2187 1914 2258 Ac
1934 2190 2082 2261 fuerunt
2106 2193 2196 2263 olim

1212 2291 1363 2362 usitatae
1378 2291 1554 2361 eiusmodi
1568 2291 1808 2381 imposturae,
1834 2291 1897 2360 ubi
1919 2291 2097 2365 idolorum
2120 2296 2194 2365 eul-

1213 2405 1269 2463 tus
1287 2393 1441 2484 vigebat.
1492 2392 1669 2484 Persaepe
1684 2405 1802 2462 autem
1820 2393 1959 2463 inventi
1976 2409 2060 2466 sunt
2083 2392 2200 2467 homi·

1212 2519 1293 2578 nes,
1320 2498 1383 2589 qui
1405 2520 1469 2587 per
1491 2496 1614 2565 dolum
1643 2495 1790 2566 alterius
1809 2519 1946 2567 nomen
1967 2511 2199 2591 usurparunt.

1212 2596 1271 2666 Sic
1288 2597 1489 2687 imperante
1505 2596 1670 2681 Vitellio,
1696 2599 1785 2667 alter
1800 2600 1903 2691 quasi
1916 2598 2063 2671 Virbius
2085 2601 2199 2672 extitit

1213 2699 1252 2767 in
1268 2695 1411 2791 illyrico
1427 2699 1604 2795 servusffl)
1622 2701 1769 2769 nomine
1784 2699 1894 2784 Geta,
1921 2702 1984 2795 qui
2004 2728 2041 2773 se
2056 2703 2202 2774 Scribo·

1212 2798 1362 2871 nianum
1372 2793 1603 2871 Camerinum
1620 2803 1741 2885 linxit,
1765 2815 1966 2872 senatorem
1975 2803 2201 2890 Romanum,

1214 2927 1321 2995 quem
1335 2902 1433 2974 Nero
1446 2904 1636 2974 occiderat.
1688 2905 1744 2975 Sic
1758 2915 1876 2972 autem
1892 2915 1974 2992 post
1988 2904 2118 2992 viginti
2133 2931 2201 2976 an·

1213 3028 1280 3074 nos
1294 3006 1460 3075 iuventus
1476 3019 1547 3090 est,
1572 3005 1685 3099 quise
1697 3006 1876 3077 Neronem
1893 3003 2089 3087 iactitaret,
2112 3019 2202 3077 tan·

1213 3118 1360 3199 tumque
1376 3121 1584 3178 consecutus
1599 3120 1649 3178 est
1662 3109 1821 3176 favorem
1838 3106 1935 3196 apud
1949 3101 2131 3192 Parthos,
2160 3121 2200 3179 ut

1213 3233 1354 3277 summo
1369 3210 1406 3276 in
1421 3207 1560 3279 honore
1584 3207 1791 3293 haberetur,
1823 3209 1938 3277 donec
1959 3209 2110 3278 taudem
2138 3212 2198 3279 de-

1213 3322 1303 3379 tecta
1325 3311 1451 3381 fraude
1475 3313 1610 3383 occisus
1637 3325 1690 3383 est
1708 3337 1730 3381 a
1755 3307 1998 3401 calphurnio,
2030 3311 2195 3381 Galatiae

1213 3413 1405 3501 praefecto.
1472 3414 1644 3484 Similiter
1665 3439 1760 3484 anno
1783 3409 1895 3484 1547.
1922 3436 1998 3481 non
2019 3413 2127 3504 longe
2149 3414 2194 3481 ab

1213 3512 1392 3607 Hercynia
1418 3515 1516 3608 sylva
1540 3517 1705 3587 inventus
1728 3529 1781 3587 est
1800 3515 1840 3583 in
1859 3516 2015 3608 quadarn
2046 3517 2195 3584 ruinosa

1213 3628 1248 3684 et
1263 3618 1402 3687 deserta
1421 3642 1502 3686 arce
1516 3620 1570 3687 vir
1587 3644 1739 3710 corpore
1761 3618 1895 3688 inculto
1913 3629 2017 3710 atque
2030 3611 2195 3697 horrido,

1212 3717 1276 3811 qui
1292 3719 1484 3788 affirmavit
1499 3745 1535 3789 se
1551 3746 1624 3792 esse
1639 3720 1896 3813 Imperatorem
1911 3717 2128 3788 Fridericum
2137 3713 2197 3798 ll,

1212 3819 1371 3913 dixitque
1387 3845 1424 3891 se
1440 3824 1719 3894 reformaturum
1734 3822 1878 3915 imperii
1892 3833 2034 3922 statum.

1481 4027 1647 4120 Egeria
1671 4030 1717 4098 in
1743 4030 1927 4099 iontem.

1263 4177 1324 4250 Vs.
1334 4176 1420 4253 547.
1445 4189 1525 4254 Non
1539 4194 1653 4254 tomen
1665 4186 1809 4276 Eperioe
1824 4185 1931 4253 luctus
1944 4181 2063 4251 altena
2078 4179 2194 4247 levore·

1315 4317 1433 4389 Numa
1444 4319 1656 4411 Pompilius,
1672 4347 1743 4415 quo
1761 4320 1897 4388 maiore
1912 4317 1951 4385 in
1964 4313 2194 4384 veneratione

1213 4432 1304 4489 esset
1322 4424 1417 4511 apud
1431 4423 1626 4514 populum,
1651 4424 1842 4494 simulabat
1862 4420 1930 4491 sibi
1953 4441 2040 4499 esse,
2054 4428 2196 4486 noctur-

1212 4545 1279 4591 nos
1295 4546 1502 4613 congressus
1526 4551 1607 4595 cum
1621 4525 1770 4618 Egeriae
1794 4524 1902 4594 tontis
1920 4514 2117 4614 Nympha,
2142 4539 2196 4583 ve·

1212 4623 1279 4692 luti
1294 4648 1374 4693 cum
1390 4626 1551 4717 coniuge.
1592 4627 1686 4698 Hinc
1699 4629 1844 4720 lingitur
1854 4624 1984 4716 Egeria
1999 4623 2103 4691 luctu
2118 4641 2196 4689 con·

1212 4749 1312 4796 versa
1329 4727 1538 4813 insontem,
1563 4729 1681 4801 Numa
1701 4733 1772 4800 iam
1798 4729 1964 4800 extincto.
2023 4723 2115 4793 Erat
2139 4744 2196 4789 au·

1212 4838 1282 4895 tem
1299 4826 1449 4919 Egeriae
1461 4831 1541 4900 fons
1556 4831 1694 4903 Romae
1717 4847 1813 4904 extra
1839 4843 1983 4922 portam
2002 4826 2199 4918 Capenam,

1211 4929 1249 4997 in
1265 4929 1346 4999 luco
1363 4931 1638 5006 camoenarum.

1246 5212 1295 5271 54)
1313 5211 1384 5266 l‘lat.
1403 5213 1472 5276 opp.
1491 5215 1532 5266 ed.
1553 5217 1586 5266 ll.
1607 5216 1698 5277 stopa.
1720 5216 1748 5265 Τ.
1764 5214 1799 5265 ll.
1818 5227 1843 5275 p.
1855 5212 1917 5275 951,
1936 5213 1961 5262 5.

1245 5314 1295 5431 55ἒ
1312 5315 1418 5377 lucum]
1434 5316 1479 5434 ple
1497 5318 1547 5369 Ed.
1566 5318 1642 5370 1555.
1656 5319 1697 5381 b.;
1732 5316 1969 5376 eutulanus,
1996 5313 2078 5368 1559.
2105 5309 2196 5365 nerto

1293 5396 1409 5447 ypogr.:
1446 5398 1505 5439 ucu.

1200 5508 1202 5513 v
1244 5483 1294 5544 55)
1313 5488 1431 5549 servus]
1449 5486 1500 5539 Ed
1515 5485 1590 5538 1555.
1606 5488 1696 5541 nale:
1719 5487 1819 5540 secvlo.
