4784 6256
229 294 311 371 W!
815 288 939 364 Puta.
974 286 1088 363 stet.
1120 285 1322 362 SCRIPTA
1347 284 1684 363 Pffltotoetca
2065 326 2068 331 ·
2181 288 2273 368 U!

238 462 405 562 quere¹)
420 459 511 532 utili.
552 459 675 553 Quare
691 459 903 555 plerumque
918 463 1030 555 aliqui
1045 461 1116 530 loci
1131 485 1227 530 eom·
1277 474 1416 532 constat
1450 454 1733 553 enthymemate:
1775 456 2112 549 Magno'beneticio
2135 485 2157 533 a
2181 463 2275 538 Cre-

237 588 367 639 munes
383 574 634 647 assumuntur,
661 574 701 633 ut
720 565 816 654 apud
832 562 1022 655 Virgilium
1044 556 1164 634 statim
1190 563 1229 632 in
1277 588 1356 636 sare
1373 588 1450 635 sum
1466 564 1630 633 affectus:
1652 585 1738 652 ergo
1754 583 1940 654 nunquam
1956 561 2051 635 illius
2066 564 2275 653 obliviscar.

240 668 359 763 prima
383 665 516 756 Eeloga
541 666 751 758 deploratur
778 666 911 735 bellum
939 665 1054 736 civile.
1122 666 1230 756 Apud
1279 668 1519 750 antecedens,
1545 677 1586 736 ut
1600 658 1693 749 dixi,
1720 675 1773 735 est
1795 663 2052 757 amplificatum
2074 693 2271 763 propemo.

241 766 477 843 Theocritum
517 766 769 859 vituperantur
815 768 1062 841 venustissime
1103 768 1230 839 divites
1281 773 1366 839 dum
1382 769 1497 840 tribus
1512 762 1719 839 schematis:
1748 766 1795 835 ab
1817 765 2001 840 effectibus
2021 793 2085 842 seu
2105 796 2126 841 a
2149 796 2275 847 conse·

244 871 366 954 avari,
408 869 471 962 qui
493 869 623 938 nolunt
645 865 795 940 honesta
814 872 947 950 studiag
961 871 1108 955 iuvare,
1149 895 1230 941 eum
1283 872 1486 966 quentibus,
1510 871 1702 940 collatione
1717 881 1754 938 et
1768 868 1909 940 affectu.
1944 869 2039 942 Nam
2050 885 2208 970 caetera,
2232 891 2275 948 ut

243 972 373 1047 recitet
392 970 499 1042 fuisse
519 972 713 1065 quendam‘
729 975 883 1064 pastoris
905 972 1130 1055 ministrum,
1170 973 1233 1066 qui
1284 976 1321 1042 in
1338 986 1530 1067 poemate,
1551 985 1634 1044 sunt
1646 971 1841 1063 dialogice,
1867 984 1904 1042 et
1915 970 2115 1047 inserviunt
2129 979 2275 1053 decoro.

246 1071 407 1172 qnotidie
421 1072 620 1144 sacrificare
637 1073 749 1162 Musis
770 1100 883 1146 unam
904 1100 1008 1145 ovem
1030 1075 1154 1146 solitus
1176 1075 1233 1158 sit,
1389 1144 1398 1160 ‚
1489 1145 1498 1162 ‚
1623 1144 1632 1161 ⁸
1667 1146 1675 1160 ‚
1765 1142 1774 1159 ‚
1967 1144 1976 1161 ‚

244 1190 289 1250 ut
301 1175 482 1269 reliquum
498 1199 640 1266 gregem
656 1175 781 1247 Musae
797 1190 992 1249 servarent.
1021 1177 1235 1248 Crescebant
1326 1145 1427 1216 ΑΜ
1455 1147 1707 1235 d¹⁵P⁰⁸¹²¹⁰
1736 1145 1939 1213 ⁰¹¹¹⁵de¹¹¹
1965 1169 2011 1213 ¹¹¹
2039 1150 2225 1220 ‘andem

246 1278 357 1375 igitur
375 1300 459 1347 oves
473 1276 631 1361 domini,
663 1302 743 1347 cum
766 1303 851 1370 grex
874 1303 949 1349 non
972 1280 1107 1371 periret
1127 1279 1235 1372 pesti·
1666 1244 1890 1336 E⁰¹⁰8³¹¹¹·

246 1380 359 1453 lentie
386 1392 448 1449 aut
464 1378 543 1447 aliis
565 1379 718 1462 morbis,
739 1404 804 1472 per
828 1381 967 1476 aliquot
989 1405 1115 1453 annos.
1166 1381 1237 1453 Sed
1284 1418 1289 1439 .
1388 1380 1485 1449 Haec
1500 1378 1631 1471 Eeloga
1648 1405 1711 1450 seu
1728 1392 1803 1449 tota
1820 1374 1910 1451 haec
1924 1382 2043 1479 oratio
2057 1384 2197 1476 generis
2212 1385 2272 1455 de-

248 1485 395 1556 tandem
428 1481 530 1551 audit
558 1482 726 1552 dominus
757 1483 919 1576 quotidie
952 1485 1101 1554 mactari
1125 1507 1235 1554 unam
1289 1482 1516 1554 monstrativi
1544 1494 1607 1552 est.
1681 1481 1774 1553 Nam
1806 1496 2060 1579 praeterquam
2091 1488 2191 1580 quod
2216 1481 2275 1556 hic

251 1610 356 1659 ovem
374 1583 498 1655 Musis.
549 1583 652 1652 Hanc
670 1584 844 1656 iacturam
862 1585 954 1656 tanti
975 1589 1077 1669 feeit,
1111 1598 1152 1656 ut
1171 1585 1237 1655 mi·
1289 1584 1432 1657 Caesari
1446 1583 1606 1675 Augusto
1629 1585 1695 1655 sub
1718 1584 1837 1678 Tityri
1856 1610 2010 1678 persona
2035 1588 2169 1680 gratias
2189 1588 2274 1680 agit,

250 1689 405 1761 nietrum
431 1685 654 1779 puniendum
673 1688 833 1770 duxerit,
862 1689 925 1782 qui
944 1688 1103 1782 exposita
1120 1711 1238 1770 cansa,
1290 1688 1353 1781 qui
1369 1687 1479 1758 totius
1493 1686 1645 1776 Eelogae
1662 1698 1774 1758 status
1792 1698 1863 1773 est,
1896 1690 2032 1760 multae
2046 1704 2129 1762 sunt
2142 1686 2201 1760 hie
2215 1715 2274 1760 ur-

254 1815 334 1863 enm
352 1789 495 1859 dixisset
509 1812 650 1880 gregem
667 1812 688 1857 a
703 1788 816 1860 Musis
838 1804 1018 1861 servatum
1043 1815 1136 1875 esse,
1169 1790 1239 1859 Ex·
1289 1790 1389 1860 bium
1414 1802 1520 1883 atque
1543 1789 1705 1859 locorum
1727 1791 1850 1861 laudes
1876 1803 1911 1860 et
1932 1792 2203 1885 descriptiones,
2230 1795 2276 1862 de

252 1893 394 1988 perior,
426 1891 564 1984 inquit,
603 1915 650 1960 an
674 1888 799 1962 Musae
820 1887 992 1963 hactenus
1017 1893 1240 1963 servaverint
1290 1890 1413 1960 ltaliae
1429 1905 1464 1961 et
1478 1903 1638 1961 veterum
1656 1893 1880 1976 colonorum,
1907 1893 1967 1987 qui
1984 1890 2076 1984 ag'ris
2089 1895 2275 1986 pelleban-

255 2019 398 2089 gregem
419 2004 455 2062 te
476 2005 611 2064 amoto.
668 1990 822 2064 Includit
842 1994 951 2087 igitur
971 1995 1176 2067 ministrum
1201 1994 1240 2062 in
1291 2007 1370 2079 tur,
1396 1993 1547 2065 miseriis
1570 2006 1605 2063 et
1628 1994 1893 2065 calamitatibus·
1905 1997 2086 2088 querelae,
2110 1995 2275 2066 civilium

256 2119 380 2169 cavam
395 2096 583 2178 arborem,
608 2108 649 2165 ut
670 2119 751 2165 eum
774 2097 868 2166 fame
891 2099 1115 2169 interficeret.
1165 2095 1241 2165 Ali-
1291 2097 1467 2168 bellorum
1483 2094 1699 2187 vituperatio
1723 2110 1758 2167 et
1783 2098 1972 2187 execratio.
2028 2096 2185 2167 Maxime
2212 2122 2277 2168 au·

257 2212 394 2296 quanto
410 2210 492 2289 post
508 2209 603 2267 totus
624 2221 709 2288 grex
730 2199 932 2289 pestilentia
955 2200 1121 2272 moritur.
1173 2199 1241 2268 llic
1293 2211 1363 2269 tem
1380 2199 1419 2268 in
1433 2192 1616 2269 laudando
1630 2202 1791 2289 Augusto
1806 2202 1968 2271 versatur
1990 2213 2111 2293 poeta.
2167 2198 2215 2270 Et
2234 2213 2276 2270 ut

182 2313 184 2317 ’
259 2325 390 2373 avarus
408 2312 531 2392 pastor
553 2323 744 2391 agnoscere
762 2326 870 2371 suum
894 2304 1007 2374 scelus
1028 2303 1173 2393 incipit,
1206 2313 1242 2370 et
1294 2301 1467 2371 orationis
1489 2303 1616 2370 seriem
1639 2325 1682 2371 ac
1705 2302 1976 2393 dispositionem
1998 2303 2138 2375 facilius
2154 2303 2276 2372 videre

258 2404 418 2499 priorem
441 2401 644 2473 ministrum
661 2401 856 2475 desiderat.
922 2405 1031 2474 Forte
1059 2404 1169 2495 igitur
1195 2405 1241 2473 ad
1293 2428 1334 2473 ae
1356 2404 1542 2498 complecti
1565 2403 1603 2471 in
1629 2404 1751 2473 animo
1772 2406 2012 2477 adolescentes
2032 2406 2184 2499 possint,
2219 2405 2277 2472 in-

258 2507 426 2577 arborem
448 2504 566 2588 venit,
600 2504 638 2572 in
666 2528 775 2598 quam
796 2531 939 2577 servum
962 2509 1173 2591 incluserat,
1207 2517 1242 2574 et
1293 2506 1419 2575 dicabo
1443 2507 1552 2598 paulo
1576 2506 1749 2598 prolixius
1772 2507 1939 2580 carminis
1960 2510 2138 2581 ordinem.
2176 2507 2278 2576 -Pro-

258 2607 433 2703 comperit
445 2606 649 2677 ministrum
674 2602 791 2680 adhuc
813 2610 954 2695 vivere,
986 2634 1027 2679 ac
1049 2608 1193 2679 interim
1221 2630 1241 2676 a
1293 2608 1424 2701 positio
1446 2620 1515 2680 est:
1556 2607 1631 2680 Nos
1665 2611 1792 2680 misere
1826 2605 1999 2683 habemus
2020 2608 2115 2705 pulsi
2136 2609 2279 2681 sedibus

257 2710 371 2782 Musis
385 2710 509 2780 alitum
531 2733 625 2793 esse,
656 2734 749 2803 quae
771 2736 880 2803 apum
901 2737 1050 2783 examen
1074 2713 1113 2780 in
1137 2712 1242 2780 arbo·
1293 2711 1435 2783 nostris.
1499 2710 1602 2780 Hanc
1629 2712 1912 2807 propositionem
1937 2715 2106 2807 figuravit
2133 2724 2282 2782 conten·

255 2837 335 2885 rem
350 2813 542 2896 miserant,
568 2825 609 2882 ut
625 2811 675 2880 ibi
699 2815 771 2884 mel
789 2816 966 2899 facerent,
1000 2840 1073 2910 quo
1096 2814 1241 2882 interim
1294 2814 1392 2884 tione
1423 2824 1458 2883 et
1487 2808 1670 2884 antithesi:
1708 2816 1756 2885 At
1788 2828 1827 2886 tu
1848 2817 2013 2898 interim,
2046 2816 2110 2909 qui
2132 2813 2281 2882 meliori

256 2915 413 2988 inclusus
427 2916 486 2985 ille
502 2927 607 3008 poeta
624 2915 806 2987 victitarit.
858 2918 951 2987 Hinc
966 2918 1068 2987 facile
1092 2914 1243 3006 intelligi
1293 2917 1437 2987 fortuna
1455 2915 1584 3001 uteris,
1617 2918 1959 2988 securus-cantando
1983 2916 2049 2986 sub
2070 2914 2193 3007 patula
2219 2938 2285 2982 ar-

256 3031 396 3111 potest,
421 3018 509 3111 quid
532 3015 780 3106 significetur.·
818 3015 871 3087 Ita
894 3021 1026 3112 passim
1050 3018 1242 3111 allegoriae
1293 3021 1379 3088 hore
1397 3032 1431 3089 te
1448 3019 1615 3090 oblectas.
1664 3018 1728 3088 Est
1745 3044 1888 3114 quoque
1910 3013 2112 3101 schemate,
2139 3016 2283 3107 expoli-

256 3121 297 3189 in
316 3118 494 3187 Bucolicis
514 3130 744 3206 sparguntur.
808 3120 905 3189 llaec
937 3123 981 3191 de
1008 3122 1087 3213 ipso
1114 3144 1242 3213 genere
1295 3120 1411 3203 tione,
1441 3119 1617 3192 illustrata
1636 3112 1858 3215 propositio,
1888 3146 1929 3192 ac
1951 3120 2092 3192 affectu.
2144 3117 2281 3189 Obser-

258 3218 427 3289 cerminis
441 3230 476 3285 et
493 3217 641 3286 consilio
657 3219 887 3290 scribentium
903 3224 1061 3291 carmina
1074 3223 1242 3293 Bucolica
1295 3223 1394 3294 vabis
1409 3235 1527 3292 autem
1536 3223 1706 3295 Meliboei
1722 3225 1921 3295 orationem
1935 3235 2145 3317 perpetuam
2164 3244 2281 3315 quan·

260 3320 481 3391 observanda
498 3330 592 3389 sunt.
1295 3328 1378 3396 dam
1395 3349 1469 3396 esse
1487 3326 1751 3420 querimoniam
1766 3329 2029 3410 calamitatum,
2062 3337 2097 3394 et
2117 3323 2280 3394 miseria-

616 3478 825 3593 ΜΨ
853 3480 886 3564 ¹·
1294 3427 2279 3626 {ttttlt‘ttttittitt:ttt.t{t¹,t¹².t⁰t¹.t21
2374 3474 2377 3488 ’

321 3612 647 3703 Argumentum
674 3611 930 3702 5¹¹1)rimam
956 3610 1204 3705 Bestiam»
1295 3633 1373 3704 heia
1389 3635 1515 3727 pleno,
1542 3636 1639 3728 quod
1661 3634 1780 3720 aiunt,
1807 3586 1868 3705 ohe
1890 3632 2086 3727 praedicat.
2137 3628 2278 3699 Deinde

360 3747 483 3820 Prima
500 3746 632 3839 Ecloga
650 3746 810 3817 eontinet
830 3748 1028 3840 gratiarum
1052 3749 1244 3824 actionem.
1295 3735 1535 3830 propositioni
1548 3739 1667 3807 statim
1685 3749 1820 3808 munta
1838 3761 1990 3830 persona
2008 3730 2276 3804 benevolentiae

258 3848 410 3922 Orditur
422 3864 577 3922 autema
602 3850 841 3939 gratulatione
861 3851 1006 3923 alterius
1030 3853 1173 3938 rustici,
1203 3868 1245 3926 ut
1295 3839 1534 3941 ⁰³Pl³il⁰1¹⁰¹¹¹
1560 3841 1720 3924 subiicit,
1752 3863 1843 3933 (1⁰³0
1865 3853 1978 3910 “³⁰1³
2005 3848 2057 3908 0⁸¹
2080 3833 2277 3906 ‘'cami'‘

258 3965 348 4023 esset
368 3954 507 4021 occasio
524 3949 762 4034 narrationis,
790 3976 860 4045 qua
880 3953 990 4043 paulo
1015 3954 1120 4026 altius
1143 3980 1244 4049 repe·
1295 3964 1447 4033 Ρθῐδθῦ8
1459 3960 1475 4026 s'
1495 3944 1580 4012 dum
1598 3945 1698 4016 illum
1715 3941 1830 4012 Deum
1845 3942 2021 4034 appellat,
2046 3950 2082 4009 θῑ
2097 3937 2174 4009 ‘3¹¹⁸
2186 3938 2226 4006 5¹¹
2240 3960 2276 4008 *θ

255 4052 322 4121 tite
355 4051 571 4122 rusticorum
604 4076 706 4121 more
740 4069 1000 4125 commemorat
1031 4057 1242 4130 beneficium
1294 4043 1463 4114 beneficia
1480 4060 1652 4119 recenset·

257 4151 431 4224 Caesaris.
479 4153 628 4235 Postea,
653 4155 785 4225 utheri
799 4158 910 4242 solet,
935 4161 1130 4253 amplificat
1148 4161 1245 4233 istud
1395 4145 1530 4232 P⁰rr02
1555 4174 1601 4218 Μ
1617 4149 1763 4238 Tityrus
1780 4146 1976 4238 suspicetur
1989 4142 2205 4212 Mfllfboeum
2220 4140 2277 4208 5¹¹·

255 4255 466 4327 beneficium
483 4257 528 4326 ab
544 4257 669 4327 effectu
683 4281 780 4327 seua
801 4265 1121 4357 consequentibus,
1147 4264 1244 4335 vide·
1295 4247 1415 4320 Videre
1430 4251 1498 4321 Sibi
1512 4251 1599 4322 illud
1616 4249 1750 4332 otium,
1778 4273 1857 4319 ⁰¹1¹ss
1874 4270 1974 4319 suam
1990 4248 2169 4315 f⁰¹l¹¹¹¹³¹¹¹
2191 4266 2276 4311 ‘⁰¹1¹

253 4357 357 4443 lic'et,
384 4361 480 4453 quod
496 4384 592 4431 nunc
606 4360 706 4430 domi
722 4361 828 4433 rebus
843 4365 915 4435 suis
932 4377 1010 4436 tuto
1031 4368 1104 4438 frui
1126 4367 1242 4453 liceat,
1293 4351 1567 4423 illiusfeliclffle
1590 4353 1745 4433 wlferi,
1779 4376 1864 4419 ¹¹¹0¹
1889 4349 1977 4420 illud
1998 4358 2166 4439 “cupisti
2197 4369 2277 4414 ¹¹⁰⁰

256 4460 351 4532 etsit
367 4463 509 4543 beatus:
549 4464 634 4533 item
655 4464 864 4534 collatione:
898 4466 972 4536 Alii
987 4470 1089 4538 eiecti
1105 4494 1242 4560 posses·
1293 4453 1373 4522 ide⁰
1390 4476 1427 4522 ὅθ
1448 4453 1543 4523 illim
1567 4455 1751 4524 s⁰¹l¹¹¹¹³¹¹¹
1773 4453 2001 4543 Praedicare,
2033 4462 2068 4521 el
2090 4473 2194 4521 ⁸⁰³¹ss
2217 4449 2279 4516 de·

255 4561 417 4635 sionibus
438 4566 593 4637 exulant.
644 4563 692 4633 Et
707 4559 766 4633 hic
780 4568 1046 4658 adsperguntur
1062 4573 1241 4664 quaedam
1292 4555 1456 4646 Pl⁰r³fes
1482 4557 1579 4649 (11¹⁰d
1604 4555 1641 4625 id
1663 4555 1729 4628 Sibi
1755 4556 1893 4640 doleat,
1925 4555 1985 4625 ted
2009 4553 2060 4623 ³st
2079 4577 2117 4624 ὅθ
2138 4551 2279 4634 miraris

253 4656 421 4763 ndo-q2);
464 4665 550 4736 item
582 4662 822 4757 epiphonema
855 4692 875 4737 a
906 4691 1011 4742 causa
1042 4672 1239 4743 malorum:
1292 4658 1389 4751 quod
1406 4656 1536 4728 inistis
1552 4659 1661 4730 tantis
1682 4657 1859 4740 motibus,
1892 4669 1927 4726 et
1950 4667 2111 4727 veterum
2132 4654 2280 4724 colono·

252 4765 395 4838 Reum
410 4767 513 4838 civile
527 4769 616 4839 tales
637 4769 858 4840 calamitates
880 4769 994 4844 affert.
1048 4773 1239 4847 Conclusio
1291 4782 1371 4829 rum
1391 4760 1656 4844 θῑῑΰώδῑῑθῦθ,
1682 4761 1778 4833 solus
1795 4760 1942 4853 Tityrus
1962 4782 2046 4830 suos
2066 4781 2172 4850 agros
2186 4755 2279 4825 obti-

252 4864 364 4941 babet
386 4862 595 4944 edivam:
629 4867 727 4960 Ergo
743 4871 844 4962 prius
860 4878 982 4944 rerum
1007 4890 1137 4949 natum
1161 4904 1239 4950 mu.
1290 4875 1391 4946 neat,
1417 4873 1452 4930 et
1470 4862 1545 4931 otio
1569 4864 1631 4933 illo
1652 4866 1811 4948 fruatur,
1848 4887 1928 4932 eum
1949 4873 2073 4931 tamen
2094 4862 2140 4929 ad
2162 4857 2279 4927 nemi·

252 4972 407 5071 unitur,
444 4994 553 5066 quam
586 4970 776 5059 obliviscar
801 4969 907 5047 huius
929 4977 1103 5054 beneficii,
1159 4980 1239 5053 Erit
1289 4988 1371 5033 nem
1387 4988 1462 5033 non
1484 4965 1583 5037 istius
1607 4968 1694 5035 mali
1716 4965 1813 5035 labes
1837 4963 2052 5056 pervenerit.
2102 4960 2220 5052 Atque
2237 4972 2279 5029 ut

226 5071 363 5165 igitur
397 5074 679 5147 adolescentibus
711 5070 800 5147 haec
830 5077 963 5174 Edoga
1007 5087 1236 5158 commodum
1289 5091 1391 5138 suurn
1409 5067 1648 5139 intortunium
1663 5068 1779 5169 magis
1792 5079 1957 5137 testatum
1976 5065 2084 5135 faciat
2098 5074 2133 5133 et
2156 5062 2280 5130 decla-

254 5177 457 5268 exemplum
489 5178 696 5248 tractandae
719 5179 916 5269 gratiarum
938 5186 1107 5274 actionis,
1143 5212 1236 5283 quae
1287 5181 1342 5238 2²1
1359 5169 1511 5263 Tityro,
1536 5167 1726 5253 δεικτικῶς
1740 5164 1774 5240 ei
1791 5171 1964 5260 capellas,
1991 5190 2078 5262 quas
2092 5174 2199 5254 aeger
2212 5188 2280 5256 pa·

253 5297 459 5316 ···········
1286 5272 1354 5340 tria
1371 5284 1407 5342 et
1423 5273 1495 5344 suis
1509 5275 1615 5345 bonis
1630 5276 1753 5367 pulsus
1769 5273 1939 5357 ducebat,
1965 5294 2087 5340 coram
2102 5267 2278 5339 ostendit:

256 5352 270 5361 --
290 5340 549 5476 ”ciiiiiiim
567 5346 609 5397 ⁸¹⁰
624 5347 711 5403 Μ’
730 5348 824 5416 ¹⁵⁶⁸*
842 5351 937 5419 ¹⁵⁹&
964 5354 1016 5409 Μ·
1031 5354 1108 5408 ¹⁸⁶⁹
1127 5355 1161 5407 α’
1178 5354 1234 5408 '¹¹‘
1285 5396 1394 5468 quam
1409 5376 1650 5449 calamitatem
1666 5387 1774 5466 auget
1788 5376 1896 5444 etiam
1921 5374 2069 5458 affectu,
2103 5395 2183 5441 eum
2211 5392 2279 5463 per

284 5495 759 5567 :recumpensatione
871 5498 875 5509 '
1283 5472 1526 5573 hypotyposin
1558 5479 1610 5550 ait
1639 5502 1677 5550 se
1709 5477 1770 5547 vix
1797 5478 1927 5549 ducere
1949 5476 2142 5570 capellam,
2182 5493 2282 5566 quae
