4784 6256
633 296 737 371 xctl.
798 295 1082 371 ENARRATIO
1117 297 1480 374 COMOEDlARUdl
1514 303 1757 379 Tuuuuru.

586 568 957 646 ENARRATIO
993 569 1453 649 cououfflauuu
1488 574 1790 658 ruauurn

764 704 990 767 ruituro
1020 705 1356 768 urraurnour
1382 704 1630 774 aucroar.

909 861 953 982 Α..
1003 909 1473 1009 Prolegomena¹).

509 1075 571 1146 De
596 1032 848 1150 edmoedia.

282 1214 480 1287 Comoedia
496 1226 549 1284 est
563 1214 740 1306 poematis
755 1225 881 1284 notum
896 1211 1019 1304 genus,
1044 1215 1171 1309 inquo

176 1318 331 1391 humiles
355 1319 431 1387 fere
456 1340 632 1409 personae
654 1316 951 1400 introducuntur,
993 1318 1059 1388 etsi
1080 1319 1172 1386 auti-

177 1447 250 1516 qua
269 1421 455 1491 comoedia
474 1421 619 1511 grandis
634 1431 669 1487 et
685 1420 841 1510 elegans,
869 1431 905 1487 et
919 1433 1066 1489 venusta
1083 1433 1172 1488 erat.

175 1524 244 1593 Vel
269 1524 456 1597 comoedia
491 1536 544 1593 est
572 1522 733 1615 privatae
775 1521 958 1613 civilisque
1003 1524 1170 1590 fortunae

177 1624 364 1719 siuevitae
381 1623 542 1717 periculo
569 1619 861 1715 comprehensim
896 1624 952 1691 vel
975 1636 1028 1693 est
1049 1647 1172 1713 specu·

176 1731 252 1800 lum
269 1726 558 1810 consuetudinis,
585 1726 739 1796 imitatio
756 1726 871 1806 vitae,
897 1725 1018 1817 imago
1042 1725 1173 1795 verita-

179 1832 235 1902 tis.
287 1830 391 1901 Dicta
411 1830 470 1898 vel
486 1825 560 1900 ἀπὸ
578 1834 657 1903 τῶν
670 1833 828 1922 κωμῶν,
854 1822 922 1896 hoc
939 1841 1010 1912 est,
1035 1851 1055 1895 a
1071 1828 1172 1912 vicis,

181 1934 238 2002 vel
264 1929 337 2004 ἀπὸ
367 1936 438 2003 τοῦ
467 1925 619 2023 κώμου,
660 1928 728 2000 hoc
750 1942 821 2013 est,
861 1954 880 1997 a
911 1930 1174 2000 comessatione

181 2048 244 2106 aut
261 2036 358 2128 quod
377 2033 496 2104 somni
514 2046 677 2124 tempore
694 2033 747 2127 (id
765 2033 861 2102 enim
876 2028 920 2103 τὸ
934 2037 1045 2126 κῶμα
1066 2032 1174 2123 signi·

180 2138 464 2234 licat).canentes
480 2136 634 2206 divitum
652 2135 802 2205 iniurias
817 2148 1073 2207 memorarent.

182 2343 244 2413 De
272 2339 638 2421 comoediarum,
681 2352 963 2431 satyrarum,
1004 2362 1053 2408 ac
1078 2340 1174 2409 tra*-

307 2442 571 2533 goediarum
597 2441 718 2512 serie
745 2454 787 2510 et
814 2441 1059 2532 principio.

290 2578 454 2649 Alienum
488 2601 563 2645 non
602 2576 690 2659 erit,
730 2600 847 2672 neque
876 2587 1018 2665 praeter
1062 2573 1174 2643 animi

184 2681 300 2753 nostri
316 2679 550 2763 sententiam,
577 2679 859 2759 comoediarum,
885 2690 1173 2770 satyrorumque,

185 2797 294 2877 atque
325 2782 591 2873 tragoediarum
624 2782 752 2850 seriem
782 2794 817 2849 et
845 2779 1063 2871 principium
1094 2781 1173 2848 bre-

186 2887 278 2954 viter
299 2886 443 2954 referre.
496 2883 593 2955 Olim
618 2883 748 2952 sedatis
771 2907 811 2952 ac
835 2881 1042 2974 compositis
1064 2883 1174 2951 bello·

136 3076 142 3081 -
185 3012 268 3059 rum
285 2987 495 3069 insultibus,
515 2982 751 3056 Athenienses
768 3011 848 3055 cum
868 2986 913 3053 ad
934 2985 1044 3052 vitam
1068 3008 1173 3076 paca-

185 3092 316 3161 tiorem
333 3114 371 3160 se
389 3089 669 3172 transtulissent,
696 3088 918 3171 ¹domesticae
934 3100 1019 3156 tunc
1033 3085 1071 3155 in
1085 3110 1174 3178 pau·

185 3217 289 3287 peres
321 3192 591 3263 insurrexerunt
623 3191 787 3261 iniuriae.
859 3189 913 3258 Ex
947 3213 1034 3280 agro
1066 3189 1174 3279 igitur

186 3292 397 3365 Atheniensi
418 3294 540 3364 rustici
562 3294 704 3386 saepius
729 3318 749 3362 a
775 3292 945 3362 divitibus
968 3292 1101 3361 iniuria
1124 3291 1174 3359 af·

186 3398 290 3482 fecti,
314 3423 389 3468 sese
407 3397 446 3464 in
462 3398 587 3467 urbem
612 3409 839 3489 receperunt;
875 3396 936 3463 sed
961 3418 1040 3463 cum
1064 3394 1174 3462 inter-

188 3501 252 3570 diu
267 3502 450 3595 querendo
467 3501 538 3571 suis
552 3499 789 3569 incommodis
805 3496 975 3567 auxilium
992 3509 1174 3589 praestare

188 3627 265 3671 non
283 3616 449 3694 possent,
475 3615 585 3670 noctu
604 3603 701 3671 vicos
725 3601 824 3670 urbis
850 3624 973 3669 omnes
996 3600 1175 3682 obeundo,

191 3705 327 3773 cunctis
342 3701 527 3773 silentibus
550 3703 643 3770 cives
661 3701 874 3770 nominatim
900 3703 1175 3793 compellabant,

191 3818 245 3887 et,
264 3829 352 3897 quas
368 3817 596 3895 paterentur,
623 3803 831 3893 aperiebant
845 3803 996 3871 divitum
1014 3803 1177 3885 iniurias,

190 3930 345 3977 necnon
362 3905 472 3996 impia
489 3906 581 3972 facta
598 3927 639 3972 ac
652 3903 744 3973 dicta
768 3903 1020 3996 propalabant,
1079 3905 1175 3973 llaec

191 4034 273 4079 cum
298 4032 403 4100 saepe
421 4006 530 4075 vicini
554 4008 752 4090 aradissent,
784 4006 881 4098 quod
905 4019 1013 4074 noctu
1035 4031 1177 4098 accepe-

191 4124 293 4194 rant,
320 4110 491 4202 postridie
517 4110 609 4178 inter
632 4134 668 4178 se
691 4107 842 4176 invicem
870 4107 1176 4199 colloquebantur.

189 4213 277 4283 lnde
300 4238 375 4281 non
399 4213 569 4282 mediocri
597 4225 672 4280 erat
698 4212 805 4293 vitio,
842 4209 971 4303 quibus
1002 4208 1177 4279 eiusmodi

193 4315 428 4386 obiiciebatur
443 4315 670 4385 contumelia.
723 4315 827 4382 Unde
844 4324 1087 4402 opportunum
1111 4312 1178 4380 fuit

192 4418 313 4489 multis
329 4419 366 4486 in
383 4419 471 4488 urbe
489 4418 712 4509 potentibus,
738 4429 778 4484 ut
792 4417 864 4486 suis
881 4415 920 4481 in
937 4414 1109 4505 agricolas
1124 4412 1178 4482 in·

191 4521 293 4592 iuriis
313 4524 461 4591 modum
484 4522 707 4601 invenirent,
748 4518 886 4611 sibique
911 4518 955 4585 ab
985 4516 1178 4586 inferendis

193 4624 418 4693 contumeliis
438 4626 723 4693 moderarentur.
775 4620 945 4689 Videntes
959 4619 1068 4709 igitur
1084 4619 1178 4689 cives

192 4722 263 4792 hoc
285 4747 358 4792 esse
381 4722 468 4791 utile
494 4723 626 4793 civitati
649 4723 800 4794 iniuriae
822 4723 1038 4806 amuletum,
1068 4721 1178 4793 iusse-

194 4836 280 4895 runt
298 4824 523 4895 contumeliis
537 4840 750 4915 provocatos
767 4827 805 4894 in
821 4821 999 4895 theatrum
1020 4826 1178 4916 prodire,

194 4941 230 4997 et
252 4950 344 5020 quae
368 4940 478 4997 noctu
500 4927 801 5020 proclamassent,
844 4927 1029 4997 audaciori
1054 4928 1176 4998 animo

193 5031 339 5101 referre.
366 5028 506 5100 Deinde
523 5028 695 5123 quoniam
713 5031 793 5100 talis
808 5029 905 5100 lusus
920 5053 995 5099 non
1012 5031 1179 5121 sinegra-

192 5133 304 5201 vitate
325 5133 480 5223 placuit,
513 5129 662 5203 sancivit
683 5132 837 5224 populus
860 5127 1107 5220 Atheniensis,
1138 5148 1179 5205 ut

193 5234 258 5329 qui
272 5234 417 5325 iugenio
435 5247 676 5327 praestarent,
708 5238 752 5304 de
779 5233 954 5305 eiusmodi
977 5237 1082 5308 rebus
1102 5260 1179 5306 car-

192 5411 408 5423 ..υ-...-

232 5516 263 5571 1)
280 5514 357 5566 llaec
373 5513 468 5577 pctore
484 5515 684 5581 Protagoram
698 5515 727 5566 tn
744 5515 794 5568 Ed.
811 5515 923 5581 tottug.
944 5517 1021 5568 tute.
1039 5517 1178 5581 teguntur.

1223 1082 1320 1150 mina
1340 1096 1598 1174 componerent
1620 1098 1728 1180 atque
1744 1085 1854 1154 libere
1874 1096 1909 1153 et
1924 1084 2070 1175 impune
2087 1087 2212 1157 adver-

1224 1208 1301 1253 sum
1319 1206 1424 1254 omne
1440 1182 1626 1255 hominum
1643 1212 1754 1279 genus
1768 1186 2015 1280 loquerentur.
2047 1188 2213 1261 Primum

1224 1285 1396 1355 Susarion
1423 1290 1582 1357 versibus
1615 1289 1777 1359 iambicis
1809 1288 2030 1358 comoediam
2063 1291 2214 1362 edidisse

1223 1385 1444 1479 perhibetur,
1470 1391 1569 1460 cuius
1583 1416 1668 1460 sane
1684 1402 1851 1481 poemata
1868 1391 2085 1461 exciderunt.
2121 1393 2213 1462 Hinc

1224 1503 1368 1595 sumpto
1392 1493 1661 1562 comoediarum
1689 1493 1835 1562 exordio
1868 1494 1913 1561 ad
1944 1488 2031 1562 haec
2064 1496 2212 1584 perscri-

1224 1593 1341 1673 benda
1363 1617 1555 1663 numerosa
1579 1596 1751 1684 paulatim
1775 1605 1877 1664 aucta
1900 1594 2070 1664 confluxit
2092 1597 2213 1667 multi-

1224 1697 1311 1764 tudo
1323 1692 1343 1778 ,'
1361 1720 1453 1788 quae
1466 1696 1662 1785 flagitiosos
1677 1691 1841 1766 homines
1857 1721 1877 1764 a
1894 1698 1994 1766 tetris
2011 1699 2213 1768 deterrebat

1224 1798 1453 1868 facinoribus.
1506 1797 1576 1867 Sed
1595 1821 1670 1867 non
1686 1799 1800 1868 multo
1819 1810 1902 1889 post
1918 1810 2042 1889 erupta
2061 1823 2214 1871 emersa·

1227 1924 1296 1993 que
1313 1895 1501 1970 hominum
1517 1900 1726 1995 iniquitate,
1751 1900 1906 1970 factiosis
1928 1913 2035 1992 atque
2051 1886 2214 1994 tyrannis

1226 2001 1265 2071 in
1279 2004 1367 2072 urbe
1385 2003 1732 2086 convalescentibus,
1758 2002 1904 2085 divites,
1931 2015 1966 2070 et
1980 2003 2129 2092 publicis
2148 1998 2214 2072 ho·

1226 2104 1375 2176 noribus
1391 2101 1590 2187 honestati,
1615 2106 1654 2173 in
1676 2105 1870 2176 comoediis
1889 2105 2071 2173 nominari
2089 2129 2213 2198 quem·

1227 2232 1355 2300 quam,
1381 2208 1452 2277 nisi
1469 2202 1660 2289 humilem,
1683 2220 1765 2290 aut,
1792 2209 1822 2276 si
1838 2208 1946 2276 modo
1961 2208 2120 2276 sinerent
2136 2207 2213 2300 opi·

1225 2311 1291 2379 bus
1312 2309 1508 2400 insignem,
1536 2321 1715 2393 exterum,
1746 2332 1821 2376 non
1844 2309 1976 2392 civem,
2006 2321 2214 2389 vetuerunt3

1226 2423 1263 2480 at
1277 2416 1361 2480 mox
1377 2413 1511 2501 largius
1526 2412 1671 2502 profusa
1689 2410 1858 2478 vitiorum
1875 2410 2037 2493 licentia,
2062 2435 2137 2480 non
2155 2435 2223 2481 sor

1225 2514 1299 2582 lum
1331 2512 1567 2596 nominatim,
1606 2515 1734 2582 sedne
1765 2512 1965 2602 aenigmate
2000 2526 2035 2581 et
2066 2513 2213 2599 occultis

1225 2615 1385 2686 versibus
1400 2615 1507 2686 scribi
1521 2627 1689 2707 poemata
1705 2614 1907 2684 voluerunt.
1956 2612 2062 2683 Unde
2083 2625 2211 2704 poetae
2326 2647 2330 2655 ·

1226 2730 1287 2786 aut
1315 2718 1353 2784 in
1386 2718 1513 2787 divites
1545 2730 1684 2787 exteros
1716 2729 1779 2786 aut
1805 2717 1844 2784 in
1873 2739 2048 2807 pauperes
2085 2738 2210 2787 omnes

1224 2820 1372 2888 licenter
1394 2844 1461 2911 pro
1485 2844 1548 2890 sua
1572 2820 1719 2889 libidine
1742 2820 1993 2912 loquebantur.

1225 2989 1287 3058 De
1321 2987 1504 3080 triplici
1540 2989 1878 3057 comoediarum
1920 2986 2212 3056 differentia.

1328 3124 1407 3194 Una
1432 3123 1608 3218 siquidem
1633 3124 1818 3192 comoedia
1840 3124 1987 3216 antiqua
2014 3137 2083 3206 est,
2119 3147 2214 3215 quae

1225 3226 1341 3317 prima
1356 3225 1478 3317 palam
1495 3249 1621 3295 omnes
1641 3225 1856 3304 incessebat;
1893 3227 2010 3295 media
2038 3249 2123 3293 vero
2146 3248 2212 3314 per

1227 3329 1448 3419 aenigmata;
1480 3352 1597 3410 nova,
1624 3350 1716 3420 quae
1740 3327 1779 3395 in
1802 3339 1961 3410 exteros,
1993 3341 2056 3396 aut
2077 3351 2215 3411 servos,
2247 3323 2253 3341 ⁵

1227 3444 1289 3501 aut
1309 3454 1485 3521 pauperes
1508 3425 1755 3500 invehebatur.
1820 3430 1957 3498 Artifex
1985 3431 2122 3520 priscae
2153 3453 2212 3499 co-

1227 3533 1390 3602 moediae
1409 3545 1444 3600 et
1466 3546 1572 3622 poeta
1595 3531 1742 3621 insignis
1757 3533 1824 3599 fuit
1838 3527 2115 3621 Aristophanes,
2138 3529 2211 3599 Eu·
2258 3575 2261 3582 -

1226 3636 1319 3727 polis
1345 3647 1380 3702 et
1402 3633 1585 3710 Cratinus;
1618 3632 1757 3699 mediae
1783 3655 1869 3699 vero
1892 3633 2019 3713 Plato,
2051 3655 2126 3698 non
2151 3632 2211 3699 ille

1227 3731 1483 3829 philosophus,
1515 3746 1550 3802 et
1564 3730 1812 3811 Pherecrates,
1845 3733 1971 3802 tertiae
1995 3743 2112 3801 autem
2134 3731 2211 3800 Me-

1227 3840 1385 3920 nander,
1410 3833 1602 3906 Philemon
1623 3830 1872 3905 etPhilistion.
1925 3834 2115 3903 Caeterum
2138 3834 2233 3923 pri·.

1228 3965 1325 4009 marn
1349 3939 1572 4009 comoediam
1606 3939 1651 4006 ad
1673 3936 1890 4028 Eupolidem
1920 3961 2032 4029 usque
2064 3934 2212 4028 quidam

1230 4057 1392 4114 asserunt
1406 4044 1628 4133 pervenisse,
1657 4065 1761 4132 quem
1782 4041 1827 4108 ob
1842 4038 1976 4129 Baptas
2000 4039 2037 4106 in
2054 4037 2212 4107 Alcibia-

1228 4149 1331 4231 dem,
1356 4139 2107 4232 summumAtheniensiumimperatorem,
2133 4162 2215 4230 per·

1228 4249 1367 4321 strictas
1396 4242 1693 4338 comprehensum
1718 4257 1754 4313 et
1777 4244 1963 4314 sublimem
1995 4255 2139 4332 raptum
2174 4240 2214 4308 iu

1230 4353 1374 4442 pelagus
1388 4349 1624 4440 praecipitare
1639 4347 1812 4418 militibus
1827 4346 1899 4416 suis
1916 4343 2102 4412 mandavit
2117 4342 2214 4413 Alci-

1229 4454 1372 4535 biades,
1411 4455 1505 4520 unde
1537 4450 1683 4545 quidam
1711 4451 1870 4519 referunt
1893 4447 2010 4538 ipsum
2034 4446 2097 4516 diu
2120 4445 2214 4514 inter

1230 4555 1355 4626 fluctus
1369 4555 1582 4644 naufragum
1600 4552 1761 4622 evasisse.
1794 4550 1883 4636 xSed
1898 4561 2019 4640 postea
2042 4547 2213 4638 reipubli-

1230 4682 1290 4728 cae
1307 4658 1422 4726 edicto
1438 4656 1638 4727 Alcibiades
1656 4653 1785 4736 edixit,
1810 4677 1856 4720 ne
1871 4647 2213 4746 quisAtheniensem

1229 4761 1268 4830 in
1303 4759 1487 4829 comoedia
1515 4758 1716 4827 incesseret.
1785 4755 1959 4849 Tuncque
1984 4753 2215 4846 Eupolidem,

1230 4862 1437 4945 Cratinum,
1458 4857 1729 4943 Pherecratem,
1748 4858 1937 4928 Platonem
1953 4870 2060 4951 atque
2075 4856 2214 4926 Aristo·
2249 4888 2253 4901 ·

1229 4963 1386 5060 phanem
1419 4966 1517 5037 iocos
1540 4964 1722 5059 quosdam
1758 4962 1940 5032 involutos
1982 4960 2021 5027 in
2052 4955 2216 5052 quemvis

1230 5080 1459 5162 pertentasse.
1515 5065 1625 5161 ldqoe
1647 5067 1841 5138 secundum
1867 5061 2134 5135 comoediarum
2156 5083 2217 5149 ge·¹
2262 5056 2268 5069 ’

1230 5198 1296 5247 nus
1313 5171 1552 5266 appellatum,
1578 5171 1675 5264 quod
1698 5168 1835 5239 tamdiu
1859 5164 1991 5257 viguit,
2025 5166 2146 5256 quoad
2169 5185 2216 5237 ue

1232 5280 1379 5348 obscure
1398 5275 1543 5368 quidem
1563 5271 1755 5365 perstringi
1774 5270 1887 5340 civem
1912 5267 2068 5337 voluere.
2120 5264 2215 5336 Nam

1231 5393 1312 5472 post
1324 5380 1363 5448 in
1380 5372 1532 5447 humiles
1549 5389 1583 5446 et
1605 5389 1783 5446 extremae
1806 5371 1913 5443 sortis
1933 5365 2120 5448 homines,
2153 5375 2218 5442 aut

1230 5482 1270 5553 in
1303 5481 1542 5574 cuiuscunque
1577 5477 1715 5570 generis
1750 5487 1889 5547 exteros
1923 5468 2086 5542 conversi
2120 5480 2217 5541 suut.
