4784 6256
209 312 284 388 601
667 366 670 371 -
789 307 911 383 nrm..
944 308 1058 383 tom..
1090 310 1293 384 summ
1326 300 1707 379 mmmmm·—
2162 298 2243 379 m

212 484 434 564 menone-,3
460 483 593 566 dietus,
619 484 716 575 quod
734 506 777 551 eo
798 482 847 551 ita
872 482 1034 552 incedere
1055 483 1198 553 numeri
1296 476 1556 560 choriambus,
1596 500 1638 545 ex
1667 475 1797 563 longa,
1837 461 1976 542 duahol
2004 473 2182 546 brevibus·
2206 487 2243 546 et

211 585 420 669 videantur,
464 586 567 655 sicuti
598 583 766 652 animalia
794 585 946 676 pedibus
974 584 1197 674 gradiuntur.
1448 581 1577 668 longa,
1602 590 1644 647 ut
1656 573 1898 644 Damanidee.

210 688 281 760 Pes
300 699 438 759 constat
462 687 626 778 syllabis,
660 687 816 778 syllabae
841 686 1082 777 temporibus,
1109 698 1199 755 tem·
1298 682 1439 755 lonicus
1466 679 1604 762 maior,
1644 702 1688 749 ex
1718 676 1857 747 duabus
1888 674 2006 767 longis
2027 687 2072 746 et¹
2089 677 2244 751 totidem

142 814 149 825 ‘
211 814 303 883 pora
319 812 405 859 vero
420 799 533 857 motu.
591 786 704 858 Pedes
727 801 790 859 rut
813 801 897 859 sunt
917 791 1070 858 duarum
1095 789 1199 881 sylla·
1452 780 1642 862 brevibus,
1671 791 1712 849 ut
1724 777 1939 858 labentibus.

171 886 362 974 ‘basum,
386 901 449 959 aut
462 887 592 973 trium,
618 902 680 958 eut
694 903 861 982 quatuor.
912 890 1045 973 Pedes,
1072 889 1200 982 quiex
1259 938 1262 943 ·
1300 885 1441 958 lonicus
1460 884 1601 965 minor,
1628 905 1670 950 ex
1690 881 1830 951 duabus
1854 877 2023 949 brevibus
2044 883 2247 955 etduebus

212 993 352 1063 duabus
370 989 515 1084 syllabis
530 994 717 1073 constant,
739 987 778 1060 bi
795 993 976 1061 feruntur:
1459 985 1595 1075 longis,
1620 996 1661 1053 ut
1676 977 1963 1075 lachrymabant.
2038 1028 2042 1033 -
2155 1030 2159 1041 .

313 1086 567 1185 Pyrrhiobius,
610 1114 716 1183 quem
753 1090 814 1161 alii
847 1086 1089 1174 Dibracbum,
1137 1090 1200 1161 alii
1301 1090 1425 1158 Paeon
1441 1088 1600 1179 primus,
1624 1108 1665 1153 ex
1681 1084 1788 1174 longa
1805 1096 1840 1153 et
1857 1083 1972 1152 tribus
1986 1083 2176 1170 brevibus,
2199 1098 2244 1157 ut

210 1194 380 1285 Aegeona
397 1194 597 1285 appellant,
623 1194 762 1263 duabus
782 1207 924 1264 constat
947 1193 1133 1276 brevibus,
1158 1203 1200 1263 ut
1454 1187 1625 1258 nobilior.

211 1309 326 1388 pater.
406 1356 408 1360 .
903 1330 915 1351 ·
1301 1291 1426 1361 Paeon
1444 1290 1639 1371 secundus,
1671 1310 1715 1356 ex
1736 1285 1838 1354 brevi
1859 1298 1895 1355 et
1914 1285 2022 1377 longa
2046 1299 2084 1356 et
2101 1290 2244 1360 duabus

312 1396 519 1487 spondeus,
546 1396 685 1466 duabus
701 1396 846 1489 syllabis
865 1395 1001 1488 longis,
1027 1394 1200 1485 tempori·
1454 1391 1640 1472 brevibus,
1666 1400 1708 1458 ut
1720 1386 1926 1478 Cupidinis.

210 1500 277 1571 bus
293 1511 470 1593 quatuor,
495 1509 535 1566 nt
551 1496 688 1567 Musae.
1301 1496 1425 1564 Paeon
1446 1492 1591 1574 tertius,
1625 1514 1667 1559 ex
1689 1491 1828 1560 duabus
1849 1488 2038 1572 brevibus,
2070 1458 2189 1581 lonfl
2203 1499 2243 1557 et

311 1598 474 1682 Iambus,
500 1623 542 1667 ex
556 1598 658 1668 brevi
673 1611 709 1667 et
722 1601 849 1691 longa,
875 1612 916 1668 nt
931 1598 1017 1667 dies.
1459 1594 1581 1677 brevi,
1609 1604 1648 1663 ut
1662 1587 1920 1684 labyrinthum.

314 1696 542 1783 Trocbaeus,
567 1724 674 1794 quem
697 1699 844 1793 quidam
860 1695 1040 1771 choreum
1057 1708 1200 1779 vocant,
1300 1696 1425 1768 Paeon
1440 1708 1608 1791 quartus,
1634 1718 1677 1763 ex
1691 1694 1807 1764 tribus
1821 1692 1991 1764 brevibus
2011 1704 2049 1763 et
2066 1710 2141 1760 uns
2161 1689 2245 1759 lon·

211 1827 253 1872 ex
266 1803 374 1895 longa
391 1815 426 1872 et
439 1800 562 1884 brevi,
583 1814 624 1871 ut
640 1800 757 1872 Musa.
1456 1822 1520 1889 ga,
1545 1795 1780 1868 utanimitas.

520 1964 582 2036 De
610 1966 878 2060 trisyllabis
1300 1897 1475 1990 Epitritus
1492 1898 1649 2016 primus,
1673 1921 1716 1967 ex
1728 1896 1831 1967 brevi
1844 1906 1881 1966 et
1893 1894 2006 1965 tribus
2025 1890 2162 1982 longis,
2194 1903 2241 1960 ut

880 2018 890 2038 ·
1452 2011 1678 2071 amavissent.

312 2101 483 2195 Dactylus
506 2101 616 2172 trium
641 2114 694 2172 est
713 2103 954 2194 syllabarum,
991 2100 1054 2196 qui
1079 2101 1197 2193 prima
1301 2100 1476 2194 Epitritus
1490 2102 1683 2185 secundus,
1717 2124 1761 2170 es
1780 2100 1885 2190 longa
1908 2096 1945 2167 et
1961 2094 2066 2165 brevi
2087 2106 2125 2164 et
2145 2094 2248 2164 dub,

210 2207 317 2295 longa
332 2218 367 2274 et
384 2203 522 2275 duabus
537 2215 677 2273 constat
692 2204 880 2288 brevibus,
905 2217 945 2274 ut
960 2205 1090 2275 secula.
1453 2205 1520 2274 bus
1533 2203 1667 2293 longis,
1691 2216 1732 2273 ut
1746 2199 1938 2273 serviendi.

311 2304 554 2398 Auapaestus,
605 2328 712 2398 quem
750 2305 894 2399 quidem
928 2303 1196 2399 Antidaetylum
1300 2303 1476 2398 Epitritus
1497 2305 1641 2388 tertius,
1675 2329 1717 2374 ex
1739 2306 1879 2375 duabus
1901 2299 2038 2392 longis,
2068 2298 2175 2391 brevi
2199 2308 2248 2367 et·

206 2419 482 2500 nuncuparunt,
523 2404 631 2475 habet
657 2406 747 2477 duas
774 2408 901 2479 breves
926 2421 961 2477 et
984 2431 1094 2478 unam
1119 2406 1198 2476 lon·
1456 2409 1584 2500 longa,
1609 2419 1651 2477 ut
1664 2402 1887 2479 charissimo.

206 2531 308 2600 sam,
333 2507 548 2578 uldomino·
766 2562 771 2577 .
1296 2506 1472 2601 Epitritus
1490 2523 1650 2604 quartus,
1666 2534 1710 2579 ex
1724 2510 1840 2580 tribus
1853 2505 1971 2598 longis
1985 2516 2022 2576 et
2036 2525 2110 2573 una
2123 2498 2248 2582 brevi,

308 2605 550 2692 Tribracbus,
577 2633 683 2704 quem
702 2609 849 2705 quidam
862 2603 1197 2704 Bracbysyllabum,
1451 2625 1492 2682 ut
1508 2612 1757 2683 confirmabat.

205 2706 269 2777 alii
283 2706 539 2796 Triuoebeon,
565 2712 730 2782 nonnulli
746 2711 999 2806 Pygmaeona,
1032 2713 1196 2808 plerique
1536 2782 1545 2798 ‚
1812 2762 1815 2767 -

206 2808 314 2914 etiam
332 2809 513 2884 Choreum
536 2813 788 2908 nominant⁸),
819 2814 933 2885 tribus
955 2826 1095 2886 constat
1115 2816 1196 2885 bre·
1474 2781 1575 2850 ΜΝ
1601 2781 1632 2852 Ρ
1640 2805 1657 2851 ¹
1667 2805 1689 2849 ⁰
1701 2780 1772 2873 ¹²8
1781 2804 1847 2849 ⁰¹¹¹
1859 2802 1940 2849 ⁰¹¹³
1957 2775 2004 2872 ⁸)·

205 2911 309 2985 vibus
326 2927 362 2983 et
378 2916 526 2985 totidem
544 2917 786 3010 temporibus,
812 2928 853 2986 ut
867 2917 1048 2989 domiuus.
1348 2914 1441 2986 Satis
1459 2928 1598 2986 constat
1614 2911 1786 2984 Terentio
1803 2906 1894 2980 nibil
1916 2931 1992 2978 esse
2012 2904 2177 2976 festivius
2200 2915 2240 2975 et

288 3018 290 3034 ἶ
307 3012 620 3111 Amphibracbus,
646 3043 751 3114 quem
770 3018 831 3088 alii
847 3016 1007 3103 lanium,
1033 3019 1096 3088 alii
1110 3015 1195 3087 Sco-
1245 3015 1359 3106 magis
1373 3018 1581 3109 proprium,
1608 3018 1672 3110 qui
1688 3028 1722 3084 et
1735 3013 1908 3106 gravitate
1923 3022 1960 3080 et
1972 3020 2050 3078 arte
2069 3005 2240 3098 reliquos

204 3115 294 3187 lium
312 3133 463 3202 vocant,
489 3142 531 3188 er
546 3120 647 3190 brevi
672 3134 707 3189 et
728 3119 835 3213 longa
857 3134 893 3190 et
913 3119 1036 3206 brevi,
1069 3131 1111 3190 ut
1132 3143 1194 3213 pa·
1246 3119 1401 3190 comicos
1425 3121 1521 3211 apud
1543 3117 1693 3190 Latinos
1710 3116 1812 3186 {aelle
1833 3112 1956 3185 vineit.
2023 3108 2119 3179 lluie
2142 3102 2238 3177 nibil

205 3229 357 3287 rentem.
983 3224 988 3231 '
1246 3220 1394 3291 omnino
1410 3222 1527 3305 deest,
1552 3222 1611 3291 sed
1630 3220 1772 3302 omnia,
1797 3241 1889 3312 qnae
1909 3211 2125 3307 praestando
2149 3219 2237 3280 sunt

308 3314 605 3408 Amphimacrus,
641 3341 748 3412 quem
770 3318 833 3386 alii
854 3317 1114 3392 Fescenninum
1139 3322 1193 3391 di·
1245 3322 1401 3407 comico,
1440 3322 1677 3420 praestitit7).
1741 3320 1860 3391 Habet
1888 3317 1919 3389 is
1946 3316 2060 3387 mults
2091 3311 2235 3404 egregia

204 3437 309 3501 xere,
337 3418 398 3487 alii
412 3418 610 3507 Creticum,
637 3430 833 3513 constater
847 3421 955 3516 longa
979 3436 1015 3494 et
1035 3423 1137 3494 brevi
1157 3437 1193 3495 et
1243 3427 1404 3518 exempla
1419 3424 1578 3496 civilium
1592 3449 1737 3495 morum
1752 3435 1789 3493 et
1809 3417 2053 3492 bumanorum
2073 3437 2235 3496 casuum,

202 3518 334 3612 101183,
357 3535 398 3593 ut
412 3522 565 3595 nomini·
1243 3527 1339 3597 unde
1371 3527 1543 3599 iudicium
1575 3541 1711 3598 eertum
1734 3524 1808 3618 peti
1833 3535 1952 3617 potest
1973 3523 2019 3591 de
2037 3518 2145 3589 rebus
2163 3511 2233 3586 bu-

310 3622 507 3712 Baccbius,
548 3652 591 3700 ex
619 3626 721 3699 brevi
749 3641 785 3698 et
809 3627 948 3701 duabus
969 3628 1105 3720 longis,
1151 3641 1193 3700 ut
1242 3629 1369 3700 manis.
1435 3629 1528 3701 Nam
1553 3631 1616 3724 qui
1637 3628 1829 3720 diligenter
1849 3621 2056 3718 expenderit
2077 3614 2145 3689 bos
2173 3639 2236 3686 oa-

203 3725 333 3799 amori.
1242 3755 1320 3815 sus,
1361 3742 1396 3800 et
1418 3755 1653 3823 personarum
1677 3731 1813 3814 officia,
1848 3740 1885 3798 et
1904 3724 2068 3803 consilia,
2102 3721 2148 3788 de
2170 3742 2236 3787 re-

303 3827 612 3915 Palirnbaechius,
648 3855 692 3901 ex
715 3832 854 3902 duabus
876 3832 993 3923 longis
1018 3838 1054 3903 et'
1075 3832 1191 3920 brevi,
1241 3834 1308 3903 bus
1335 3828 1502 3904 humanis
1529 3834 1741 3926 prudentius
1766 3845 1802 3902 et
1824 3831 1900 3922 ipse
1921 3826 2077 3898 iudicare
2102 3819 2235 3892 discet.

202 3942 244 3999 ut
263 3941 406 4001 mtura-
824 3952 828 3957 “
1241 3933 1379 4004 Deinde
1392 3948 1535 4026 praeter
1551 3937 1610 4005 illa
1630 3935 1791 4027 exempla
1810 3935 2014 4002 conducunt
2034 3926 2146 3996 etiam
2169 3946 2233 3993 co·

1241 4036 1404 4107 moediae
1433 4040 1480 4107 ad
1507 4039 1694 4107 emendate
1717 4037 1939 4130 loquendum
1965 4029 2070 4103 etad
2093 4046 2232 4119 paran-

300 4218 303 4223 ,
1240 4140 1322 4208 dam
1340 4139 1545 4210 uberiorem
1558 4140 1699 4210 dicendi
1715 4138 1933 4208 facultatem.
1985 4129 2134 4206 Namin
2155 4121 2230 4196 hoc

252 4231 619 4316 Proeeleusmaticus,
660 4257 703 4302 er
729 4244 885 4329 quatuor
917 4233 1104 4322 brevibus,
1148 4249 1189 4307 ut
1238 4265 1312 4311 uno
1338 4241 1606 4329 autoreavidere
1626 4254 1678 4313 est
1701 4238 1903 4310 mirabilem
1926 4234 2070 4327 copiam
2095 4230 2135 4301 in
2160 4228 2242 4298 ati..

221 4415 224 4421 .
414 4333 566 4406 micul&
1238 4367 1308 4437 qua
1323 4367 1363 4414 re
1378 4342 1601 4435 explicanda,
1626 4345 1711 4414 item
1727 4342 1933 4433 diligentem
1948 4330 2225 4427 dispositionem

249 4434 500 4528 Dispondeus,
536 4460 579 4508 ex
594 4437 735 4510 duobus
755 4439 942 4530 spondeis,
976 4439 1014 4508 id
1038 4452 1109 4526 est,
1143 4465 1185 4512 ex
1237 4459 1550 4535 argumentor-mm
1573 4460 1650 4517 tum
1676 4445 1784 4517 etiam
1808 4443 1847 4512 in
1868 4438 2054 4513 sententiis
2075 4458 2118 4505 ac
2139 4431 2225 4505 seli·

408 4550 563 4632 quatuor
576 4539 711 4632 longis,
738 4554 778 4611 ut
791 4541 994 4613 fortunatis.
1234 4548 1301 4619 bus
1317 4560 1414 4617 tanta
1434 4561 1486 4619 est
1500 4561 1686 4633 venustas,
1719 4559 1761 4617 ut
1784 4546 1896 4615 lectae
1919 4566 1995 4612 non
2017 4536 2128 4611 semel
2145 4532 2224 4626 pls·

169 4714 172 4718 ,
250 4637 461 4724 Diiambus,
487 4665 529 4710 ex
543 4643 645 4712 brevi
660 4658 694 4714 et
714 4645 822 4736 longa
844 4657 880 4714 et
900 4642 1002 4713 brevi
1017 4653 1053 4711 et
1063 4641 1183 4733 longa,
1235 4661 1355 4731 ceant,
1390 4654 1451 4720 sed
1472 4675 1545 4743 quo
1568 4650 1681 4741 magis
1703 4651 1887 4738 leguntur,
1927 4668 1970 4715 eo
1996 4637 2225 4711 venustiora

402 4754 443 4812 ut
457 4742 629 4834 Apollini.
1233 4766 1419 4842 apparent.
1478 4752 1638 4822 Proinde
1669 4752 1848 4822 studiosos
1876 4747 2117 4818 adolescentes
2144 4760 2242 4809 nou.

245 4810 504 4929 flitrochaeus,
530 4870 574 4930 ex
599 4848 725 4937 longa,
754 4846 877 4930 brevi,
907 4845 1034 4935 longa,
1067 4844 1181 4930 brevi,
1232 4853 1414 4944 poeniteat
1436 4853 1543 4924 ullius
1567 4878 1699 4946 operae
1723 4853 1762 4922 in
1785 4851 1957 4921 Terentio
1981 4845 2125 4937 saepius
2158 4864 2226 4911 au·

348 5014 351 5018 ,
398 4958 438 5018 ut
452 4948 668 5019 fulminabit.
1230 4955 1375 5026 diendo.
1427 4954 1519 5026 Nam
1545 4950 1604 5024 bic
1628 4968 1733 5027 autor
1754 4953 1905 5024 omnino
1928 4951 2056 5042 dignus
2075 4955 2155 5027 est,
2181 4953 2226 5013 nt

92 5094 96 5099 -
243 5046 490 5139 Antiopastus,
519 5076 561 5122 ex
575 5049 699 5120 lambo
712 5059 751 5116 ,et
763 5042 972 5133 Trocbaeo,
986 5049 1023 5118 id
1040 5062 1111 5133 est,
1136 5076 1178 5121 ex
1229 5058 1266 5125 in
1285 5081 1327 5126 eo
1342 5058 1510 5127 discendo
1528 5081 1569 5127 ae
1591 5058 1782 5130 ediscendo
1801 5055 1997 5148 plurimum
2021 5045 2133 5121 studii
2154 5066 2226 5138 po·

398 5153 498 5222 brevi
515 5167 550 5223 et
566 5152 686 5245 longa,
712 5150 819 5242 longa
836 5162 871 5218 et
884 5150 998 5235 brevi,
1021 5163 1061 5220 ut
1078 5174 1177 5221 ama·
1229 5216 1308 5228 ....
1324 5215 1431 5226 m,

397 5256 494 5326 ΒΜ
1259 5317 1290 5384 o)
1310 5322 1384 5370 lineo
1399 5323 1604 5383 prolegomeno
1620 5325 1648 5375 lu
1667 5325 1752 5375 ltlcclt
1771 5322 1935 5375 collectione
1954 5317 2223 5371 commentorium

192 5401 397 5421 ·····-··--··
1295 5400 1354 5439 vnr.
1373 5390 1400 5440 tr
1417 5392 1574 5443 ferentinus
1591 5395 1666 5445 ‘roua
1680 5395 1701 5444 1.
1720 5394 1769 5446 tot.
1784 5391 1915 5447 διν-6*
1932 5387 2123 5441 tuve-tortor.

223 5484 257 5552 ὅ)
275 5484 430 5555 nortun]
447 5488 498 5538 too
516 5488 630 5537 verbm
642 5486 702 5550 lpse
715 5486 871 5551 adsorlprls
887 5489 916 5539 ln
930 5488 980 5538 Μ.
989 5490 1064 5541 tote
1082 5494 1173 5549 deest.
1258 5491 1291 5551 7)
1307 5491 1460 5560 perustus]
1478 5496 1520 5546 stc
1537 5498 1614 5547 recte
1630 5496 1680 5547 nt.
1696 5495 1789 5559 tom
1815 5495 1864 5545 Ed.
1881 5472 1962 5545 1508.Ι
1976 5490 2112 5557 perettus

700 5592 707 5617 t

461 4092 525 4162 De
551 4095 931 4190 quadrisyllabis.
