4784 6256
216 281 479 353 711.·

270 453 427 521 Status
461 443 1031 517 Heautontimorumenon
1071 443 1157 510 Te·

608 545 815 640 rentii⁴).

323 702 446 771 Voluit
478 697 775 790 prudentissimus
811 710 915 788 poeta
951 695 1127 777 indicare,
1168 707 1209 764 ut

221 816 375 899 praestet
398 798 534 869 erudiri
558 802 818 880 adolescentes,
863 811 897 866 et
920 798 957 866 in
983 798 1099 866 officio
1120 797 1208 866 reti·

221 906 301 974 neri
332 902 580 970 benevolentia
616 903 735 992 potius
769 913 804 968 et
836 900 1004 968 facilitate
1038 899 1208 991 quadam,

222 1030 329 1099 quam
353 1002 390 1069 vi
413 1015 448 1071 et
462 1002 746 1093 importunitate.
799 1000 881 1071 Non
908 1001 1002 1068 enim
1027 1001 1123 1068 illico
1145 1023 1208 1068 na-

221 1118 369 1178 scuntur
383 1128 502 1186 senes,
528 1127 592 1170 nec
609 1106 676 1170 fert
696 1102 859 1171 iuvenilis
876 1115 992 1183 aetas,
1016 1114 1057 1170 ut
1081 1126 1205 1172 senum

219 1209 338 1278 statim
356 1207 428 1276 sint
441 1203 585 1274 similes.
638 1202 704 1273 lsta
723 1214 843 1270 tamen
859 1203 1009 1272 facilitas
1027 1202 1074 1270 ita
1092 1228 1128 1272 se
1143 1199 1206 1270 ha·

220 1311 321 1389 beat,
363 1331 408 1375 ne
430 1306 468 1372 in
494 1304 673 1373 licentiam
709 1303 858 1371 nimiam
894 1317 929 1372 et
954 1304 1205 1394 impunitatem

221 1420 355 1499 vergat.
419 1406 513 1477 Nam
544 1407 687 1474 licentia
716 1429 839 1475 omnes
865 1406 968 1475 limeis
999 1405 1204 1475 deteriores.

219 1511 373 1602 Oportet
397 1521 516 1577 autem
541 1519 615 1574 arte
640 1509 795 1600 quadam
820 1519 855 1575 et
882 1507 1057 1576 industria
1082 1502 1205 1575 coher-

218 1612 289 1681 ceri
307 1611 456 1679 effrenes
471 1610 641 1679 iuvenum
657 1607 814 1689 animos,
840 1607 976 1701 alioqui
993 1611 1048 1690 fit,
1076 1620 1115 1677 ut
1139 1608 1204 1691 illi,

218 1717 281 1807 qui
296 1712 464 1781 conviciis
483 1723 518 1778 et
540 1709 652 1777 nimia
671 1709 879 1777 morositate
897 1710 1051 1780 lacessiti
1063 1733 1104 1777 ac
1120 1711 1203 1779 victi

216 1817 338 1904 iugum
364 1812 563 1899 excutiant,
602 1822 638 1878 et
661 1810 878 1879 monitorem
904 1808 1011 1881 nimis
1035 1812 1202 1881 acerbum

217 1926 466 2007 aspernentur.
543 1911 640 1982 Solet
663 1912 758 1979 enim
783 1913 920 2005 alioqui
939 1913 1104 1983 iuventus
1129 1938 1202 1984 esse

217 2015 457 2085 monitoribus
474 2036 611 2103 aspera,
638 2025 678 2079 ut
694 2013 752 2079 ille
770 2013 870 2093 dixit,
898 2038 988 2105 quae
1005 2040 1061 2084 res
1078 2028 1200 2106 postea

216 2118 302 2208 ipsis
323 2116 430 2183 etiam
455 2115 616 2202 patribus
641 2112 759 2179 dolori
785 2127 855 2196 est,
883 2116 969 2182 dum
994 2141 1097 2206 aegre
1120 2141 1201 2207 pos-

216 2219 288 2288 sint
303 2239 434 2284 carere.
487 2210 541 2279 llli
556 2236 662 2299 vero,
691 2214 752 2306 qui
768 2214 879 2281 nimia
897 2215 1119 2307 indulgentia
1135 2220 1201 2287 dil·

170 2323 173 2331 '
216 2319 353 2398 lluunt,
381 2313 464 2407 quia
482 2336 523 2381 ex
536 2326 725 2403 parentum
740 2314 828 2382 vitio
843 2315 879 2384 id
897 2318 1044 2401 accidit,
1071 2321 1200 2388 merito

168 2436 178 2452 ⁸
216 2430 336 2508 patres
361 2427 559 2503 emungunt
580 2427 748 2505 argento,
781 2429 934 2511 suntque
958 2421 1119 2511 patribus
1139 2424 1200 2490 de-

215 2516 356 2599 decori,
383 2527 423 2583 ut
437 2513 487 2583 sic
504 2527 627 2605 postea
644 2530 788 2607 accepto
807 2520 903 2588 malo
921 2524 977 2589 vel
1000 2524 1114 2591 coacti
1137 2547 1199 2614 pa-

214 2629 286 2686 tres
305 2615 442 2686 discant
461 2618 633 2707 impetum
661 2630 696 2686 et
718 2619 904 2690 libidinem
927 2623 1120 2693 iuvenilem
1143 2649 1198 2695 re·

214 2721 356 2787 frenare
379 2730 414 2786 et
430 2730 506 2787 arte
529 2720 683 2811 quadam
702 2717 901 2794 cohercere.
953 2724 1068 2796 lluius
1082 2750 1198 2796 exem-

213 2821 314 2911 plum
340 2820 525 2911 praebebit
546 2822 649 2891 nobis
672 2820 709 2890 in
730 2818 798 2893 hac
820 2826 939 2895 fabula
954 2824 1123 2899 Chremes
1144 2854 1197 2900 se-

213 2945 282 2991 nex
297 2933 332 2991 et
345 2919 501 3010 Clitipho
517 2923 731 2994 adolescens.
783 2924 880 2998 Illius
894 2952 980 2998 vero
995 2932 1195 3023 exemplum

211 3025 396 3112 praebebit
417 3023 648 3096 Menedemus
671 3051 788 3098 senex.
854 3029 1012 3101 Proinde
1040 3035 1193 3104 multum

211 3125 337 3205 refert,
362 3136 403 3192 ut
425 3119 601 3193 habeatur
626 3129 750 3196 aetatis
765 3130 879 3210 ratio,
909 3155 955 3199 ne
977 3136 1095 3203 statim
1120 3136 1194 3227 ple-

211 3244 297 3288 nam
317 3244 465 3310 operam
493 3225 691 3311 exigamus,
729 3230 790 3296 sed
816 3229 975 3300 sinamus
998 3234 1193 3327 aliquando

211 3322 352 3410 explere
385 3319 529 3391 iuvenes
564 3346 647 3393 suos
683 3324 841 3408 animos,
867 3332 952 3398 dum
982 3346 1078 3404 aetas
1111 3339 1192 3421 sert,

209 3423 300 3493 sicot
315 3442 421 3513 supra
439 3420 478 3489 in
493 3422 628 3492 Andria
651 3428 926 3518 prudentissime
944 3434 1077 3505 iudicat
1092 3438 1191 3507 Simo

209 3536 322 3616 pater.
375 3522 493 3618 Atque
509 3521 578 3597 hoc
594 3541 644 3598 est
663 3531 791 3615 etiam,
818 3538 916 3626 quod
929 3530 1116 3630 Philippus
1132 3541 1191 3609 in·

207 3628 322 3697 frain
337 3627 475 3724 Hecyra
492 3632 593 3700 dicit:
620 3629 660 3702 ld
684 3633 812 3705 vitium
837 3662 1022 3733 nunqnam
1048 3643 1189 3711 decrevi

207 3756 281 3802 esse
308 3758 372 3823 ego
397 3733 667 3804 adolescentiae.
719 3736 813 3806 Nam
840 3739 876 3809 id
901 3743 1067 3815 omuibus
1087 3743 1190 3814 inna-

206 3844 282 3900 tum
305 3844 373 3911 est;
401 3845 438 3900 at
455 3834 601 3921 poliam
624 3836 758 3917 aderit,
784 3862 820 3906 se
836 3866 979 3935 quoque
1001 3870 1080 3913 carm
1106 3849 1189 3916 ode.

205 3931 265 4010 rit,
317 3932 434 4022 Atque
457 3928 517 3997 blc
542 3932 660 4014 vides,
693 3960 801 4026 quam
827 3945 975 4032 egregie·
991 3948 1188 4017 observarit

205 4031 500 4121 prudentissimus
516 4044 620 4119 poeta
636 4033 826 4106 Terentius
844 4037 887 4111 τὸ
903 4042 1044 4136 πρέπον
1066 4073 1187 4138 perso·

203 4154 346 4201 narum.
379 4205 382 4212 ,
405 4131 598 4222 Quomodo
620 4135 714 4203 euim
739 4138 842 4208 aliter
865 4145 1038 4232 potuisset
1056 4152 1186 4220 descri-

202 4234 287 4301 bere
303 4232 554 4302 Menedemum
577 4260 697 4305 senem
721 4264 923 4328 morosum,
949 4246 1127 4319 difficilem
1151 4265 1185 4321 et

202 4333 309 4403 nimis
342 4334 492 4418 durum,
535 4338 597 4431 qui
627 4363 703 4409 non
731 4356 849 4433 potest
874 4346 1039 4419 iuvenem
1071 4353 1183 4424 filium

202 4459 306 4505 snum
321 4437 414 4527 frugi
429 4439 564 4533 alioqui
582 4453 617 4510 et
631 4447 831 4515 modestum
846 4448 957 4534 lerre,
984 4455 1044 4522 sed
1061 4457 1181 4526 statim

200 4535 277 4607 vult
300 4537 354 4608 sui
376 4539 528 4609 similem
552 4567 636 4615 esse.
692 4545 769 4616 Hoc
788 4563 859 4634 est,
892 4555 987 4644 qnod
1011 4556 1181 4629 Horatius

200 4639 286 4706 dicit
300 4642 343 4707 de
358 4664 460 4709 sene:
487 4642 667 4729 Difficilis,
695 4651 884 4744 querulus,
906 4654 1073 4726 laudator
1087 4671 1181 4729 tem-

199 4738 298 4830 poris
321 4741 389 4808 acti
414 4756 479 4812 etc.
496 4743 538 4831 ⁶).
590 4746 652 4817 Est
675 4752 825 4821 omnino
840 4756 915 4822 fere
939 4755 1032 4825 idem
1051 4784 1179 4852 scopus

198 4850 233 4909 et
247 4843 435 4913 consilium
451 4840 556 4915 huius
571 4849 710 4919 babulae
727 4865 762 4922 et
779 4857 976 4948 sequentis,
1003 4856 1179 4958 ἀδελφῶν

190 4942 339 5013 scilicet.
393 4945 484 5014 Nam
504 4961 655 5044 utraque
671 4948 778 5024 habet
794 4972 982 5046 parentum
1000 4962 1099 5034 vitia.

196 5132 398 5149 a———e--—.

227 5244 260 5301 4)
284 5243 343 5293 flue
365 5247 482 5299 atterum
506 5249 628 5302 etuaden
652 5252 776 5303 auctoris
800 5257 989 5317 argumentum
1015 5256 1057 5310 ste
1073 5260 1175 5315 11111111·

260 5312 337 5373 ptum
354 5312 494 5366 1111111111
511 5318 541 5369 ln
559 5320 621 5370 eote
635 5320 724 5371 11111111
741 5323 1041 5378 correcturarum

223 5412 257 5470 ὅ)
280 5416 375 5469 noret.
392 5420 447 5468 Are
464 5422 537 5481 poet.
557 5421 615 5474 m.

800 269 922 343 vnn.
948 272 1060 344 nar..
1093 270 1296 345 semera
1320 269 1658 379 ennoaoorca

2186 293 2256 371 tte

1381 439 1480 538 Περὶ
1495 447 1563 515 τοῦ
1579 437 1763 536 ὀνόματος
1775 438 1910 541 ταίτης
1924 449 2149 549 κωμῳδίας.
2174 463 2180 470 ’

1362 577 1457 668 Quia
1475 603 1516 647 ex
1532 578 1670 648 Graeco
1686 593 1790 671 poeta
1809 606 1908 652 versa
1927 599 1980 655 est
1994 583 2086 659 haec
2112 617 2251 667 comoe-

1260 676 1341 760 dia,
1368 679 1545 749 Graecum
1564 706 1709 774 quoque
1726 708 1860 753 nomen
1875 686 2043 759 obtinuit.
2098 691 2168 766 Est
2189 723 2253 770 an..

1260 791 1330 847 tem
1348 781 1502 851 inditum
1527 806 1661 851 nomen
1676 786 1817 854 fabulae
1833 784 2250 893 ἕαυτοντιμορούμενος,

1260 881 1304 948 ah
1320 879 1456 954 ἑαυτὸν
1478 896 1609 964 semet,
1637 898 1671 953 et
1692 885 1910 982 τιμορὲομαι
1933 896 2119 980 excrucio,
2145 904 2249 993 qnasi

1258 981 1369 1051 dicat:
1395 1008 1431 1053 se
1448 984 1565 1076 ipsum
1582 988 1797 1059 excrucians.
1849 991 2015 1080 Pingitur
2030 1010 2151 1068 antem
2169 1003 2246 1072 Me-

1258 1086 1428 1154 nedemus
1443 1110 1549 1156 senex
1563 1090 1824 1160 adolescentem
1840 1091 1994 1163 Cliniam
2010 1098 2124 1168 lilium
2142 1128 2246 1174 suum

1259 1184 1506 1258 inclementius
1523 1190 1616 1260 insto
1635 1204 1822 1276 tractasse,
1848 1194 2054 1293 victumque
2071 1201 2198 1295 iurgiis
2214 1220 2247 1277 et

1258 1289 1482 1359 contumeliis
1500 1292 1608 1361 domo
1628 1294 1789 1377 eiecisse,
1813 1308 1848 1363 et
1872 1311 1995 1387 postea
2019 1302 2246 1393 impotentis·

1257 1387 1345 1457 sime
1359 1392 1452 1459 serre
1467 1393 1662 1462 absentiam
1679 1396 1761 1476 filit,
1788 1399 1879 1465 adeo
1901 1411 1941 1468 ut
1966 1424 2041 1470 non
2061 1405 2143 1488 lux,
2169 1433 2245 1478 uon

1257 1491 1355 1560 cibus
1375 1493 1427 1559 illi
1445 1496 1562 1565 suavis
1577 1508 1679 1565 esset.
1730 1498 1879 1567 Abierat
1898 1514 2016 1571 autem
2038 1508 2243 1582 adolescens

1257 1592 1448 1663 militatum
1472 1598 1518 1664 ad
1534 1621 1664 1688 regem.
1716 1598 1767 1669 Μ.
1785 1599 1911 1671 Cicero
1928 1604 1987 1675 lib.
2004 1603 2047 1676 ll.
2069 1607 2173 1681 offic.
2191 1611 2242 1706 ⁸):
2266 1658 2271 1663 -

1255 1693 1390 1763 Rerum
1409 1698 1569 1767 omnium
1586 1725 1650 1768 nec
1666 1701 1782 1790 aptius
1800 1717 1852 1774 est
1868 1705 2060 1800 quicquam
2083 1714 2130 1780 ad
2156 1738 2241 1805 opes

1257 1799 1406 1868 tuendas
1430 1823 1470 1868 ac
1491 1804 1683 1885 tenendas,
1710 1829 1817 1896 quam
1842 1806 1961 1896 diligi,
1987 1834 2052 1880 nec
2073 1814 2241 1901 alienius,

1255 1922 1364 1990 quam
1398 1901 1530 1972 timeri.
1603 1905 1790 1974 Praeclare
1810 1904 1964 1978 Ennius:
2011 1913 2125 2002 Quem
2159 1941 2239 1984 me-

1255 2011 1380 2083 tuunt,
1416 2006 1579 2074 oderunt.
1647 2007 1763 2098 Quem
1785 2009 1926 2103 quisque
1950 2013 2042 2093 odit,
2079 2013 2231 2102 periisse

1255 2103 1397 2191 expetit.
1449 2105 1566 2175 Malus
1584 2121 1635 2176 est
1650 2110 1743 2177 enim
1763 2121 1873 2180 custos
1888 2111 2131 2184 diuturnitatis
2155 2142 2235 2185 me·

1254 2214 1330 2286 tus,
1355 2219 1550 2301 contraque
1566 2210 1811 2283 benevolentia
1828 2213 1937 2284 fidelis
1952 2227 2003 2283 est
2016 2215 2074 2282 vel
2090 2219 2137 2285 ad
2154 2241 2236 2307 per-

1253 2307 1472 2394 petuitatem.
1524 2310 1613 2382 Vide
1631 2326 1668 2382 ut
1686 2315 1778 2384 inlra
1795 2315 1833 2382 in
1849 2312 2019 2408 Adelphis
2034 2318 2159 2387 eadem
2175 2319 2237 2390 iis·

1252 2408 1332 2474 dem
1354 2411 1461 2480 etiam
1476 2414 1550 2482 fere
1576 2416 1693 2487 verbis
1717 2417 1846 2486 dixerit
1863 2417 2065 2489 Terentius.
2125 2419 2236 2490 Errat

1251 2509 1355 2601 longe
1378 2538 1456 2581 mea
1479 2514 1623 2609 quidem
1644 2520 1839 2603 sententia,
1865 2520 1928 2614 qui
1943 2521 2138 2613 imperium
2161 2548 2235 2592 cre-

1251 2611 1314 2680 dat
1328 2616 1471 2703 gravius
1485 2641 1578 2702 esse,
1601 2633 1664 2690 aut
1675 2623 1835 2692 stabilius
1851 2623 1906 2706 vi,
1932 2626 2030 2719 qu'od
2045 2626 2098 2708 tit,
2125 2650 2234 2721 quam

1249 2712 1358 2799 illud,
1384 2719 1481 2812 quod
1495 2720 1649 2793 amicitia
1668 2725 1885 2817 adiungitur.

1247 2932 1473 3029 Prologus
1516 2943 1561 3011 in
1602 2945 2168 3021 Heautontimorumenos
2190 2951 2233 3047 ⁷).

1297 3087 1377 3173 Dii,
1401 3105 1579 3190 quotquot
1593 3097 1674 3168 estis
1689 3111 1922 3191 spectatores,
1950 3125 2014 3171 vos
2030 3116 2157 3173 ament

1293 3188 1339 3258 Et
1355 3194 1459 3279 dent,
1487 3222 1578 3290 quae
1595 3201 1718 3285 vultis,
1746 3226 1908 3297 quaeque
1924 3203 2012 3273 velle
2032 3229 2098 3275 vos
2119 3208 2230 3277 decet.

1297 3291 1521 3367 Conductum
1552 3303 1656 3372 venio
1688 3329 1792 3376 aures
1816 3318 1966 3389 vestras,
2008 3307 2174 3401 linguam
2197 3322 2229 3379 et

1550 3406 1690 3489 oeulos,

1293 3492 1406 3568 Aures
1423 3500 1585 3596 oculique
1601 3521 1639 3577 ut
1655 3522 1817 3601 pateant,
1840 3522 1879 3580 nt
1894 3510 2016 3602 lingua
2033 3527 2162 3597 taceat,

1295 3597 1367 3688 Qui
1383 3600 1538 3675 immites
1555 3623 1637 3680 sunt
1653 3625 1686 3680 et
1702 3612 1816 3705 asperi
1833 3625 1867 3682 et
1882 3613 2127 3688 intractabiles
2195 3630 2202 3637 “

1293 3697 1370 3769 Hoc
1386 3704 1520 3776 fructus
1536 3713 1699 3802 capiunt,
1722 3739 1828 3784 nemo
1847 3716 1931 3808 ipsis
1948 3719 2047 3784 oneri
2061 3732 2101 3787 ut
2114 3720 2193 3788 siet.

1291 3800 1384 3872 Nam
1402 3830 1492 3900 quos
1506 3814 1716 3897 admittunt,
1736 3816 1913 3901 reiiciunt,
1939 3819 2051 3888 sinon
2067 3820 2225 3909 placent,

1292 3902 1364 3993 Qui
1379 3914 1559 3981 commodi
1574 3928 1674 3999 sunt,
1696 3919 1774 4008 plns
1789 3917 1922 3989 hahent
1940 3920 2133 3991 molestiae.

1290 4004 1383 4076 Nam
1400 4035 1523 4082 omnes
1540 4020 1750 4103 admittunt,
1778 4025 2029 4116 neminemque
2044 4024 2219 4095 reiieiunt.

1289 4104 1340 4176 lta
1358 4112 1539 4185 abutimur
1553 4142 1647 4189 nunc
1665 4136 1779 4193 vestra
1797 4125 2070 4211 benevolentia,

1289 4208 1382 4303 Quia
1398 4240 1513 4310 nuper
1532 4219 1678 4311 pulchre
1694 4226 1782 4294 iuvit
1796 4252 1862 4298 nos
1877 4227 1908 4317 ⁸)
1925 4240 2040 4297 vester
2056 4231 2171 4310 favor,

1288 4311 1443 4406 Quando
1464 4322 1636 4414 optimam
1653 4331 1833 4421 spectastis
1852 4343 1995 4423 agentes
2009 4318 2185 4410 tabulam,

1285 4415 1343 4484 Sic
1360 4433 1400 4488 nt
1419 4424 1558 4496 animus
1574 4437 1649 4498 tum
1670 4432 1854 4503 accesserit
1869 4433 2127 4526 impudentiae.

1285 4516 1352 4587 Sed
1370 4521 1501 4616 inepti,
1528 4532 1756 4605 'vendicamus
1774 4537 1835 4631 qui
1850 4531 1917 4604 hoc
1933 4537 2060 4619 nobis,
2087 4559 2212 4608 sumus.

1282 4616 1373 4690 Nam
1391 4620 1487 4696 haud
1503 4632 1653 4719 actioni,
1680 4641 1741 4707 sed
1758 4652 1884 4730 poetae
1901 4652 1953 4709 est
1968 4636 2038 4710 hoc
2055 4644 2189 4721 datum,

1236 4789 1438 4805 ——---——

1262 4884 1374 5005 molid·
1393 4888 1427 4938 de
1445 4890 1524 4945 0111.
1541 4893 1670 4961 imm.
1688 4924 1723 4980 '.'
1758 4902 1844 4955 llleell
1870 4906 1980 4958 eolleet.
1999 4910 2090 4960 nale:
2123 4908 2212 4961 1111.

1261 5053 1292 5120 7)
1312 5057 1363 5106 nte
1379 5058 1511 5123 prologus
1530 5061 1695 5128 inscriptus:
1731 5068 1894 5135 „Protogm
1918 5074 1946 5125 11
1965 5079 2212 5131 nautarum·

1296 5137 1416 5189 aenou,
1440 5133 1556 5182 authore
1574 5133 1671 5199 Pbtttp.
1690 5136 1865 5205 ttetaartb.'’,
1888 5144 1934 5206 qui
1949 5149 2052 5199 metuet
2076 5163 2113 5199 ex
2136 5156 2212 5214 pecte

1295 5206 1354 5244 eun
1380 5196 1497 5260 prologo
1521 5200 1549 5249 tu
1575 5203 1708 5255 Auertere
1731 5204 1767 5255 1111
1791 5210 1903 5261 verbnm
1926 5212 1985 5266 tere
2007 5220 2160 5287 congruit,
2188 5221 2211 5269 n

1292 5260 1379 5311 Btecit
1396 5266 1558 5317 collectione
1575 5272 1650 5325 11111.
1666 5274 1699 5325 ll.
1718 5274 1871 5331 exaltetur.

1258 5361 1289 5428 8)
1322 5362 1388 5432 noe]
1420 5366 1461 5417 ete
1488 5368 1632 5425 ttteeteuee
1661 5379 1834 5433 collectionis
1856 5382 2021 5451 tta-lm,
2057 5392 2115 5448 tte.
2140 5394 2209 5449 1111.

1196 5436 1205 5478 1
1293 5433 1380 5483 nete:
1403 5446 1464 5490 voe.
