4784 6256
289 341 363 415 107
870 333 995 407 run.
1027 332 1142 408 unt.
1173 331 1376 409 scauri
1406 332 1743 411 remanentes
1773 386 1951 404 --...,..
2260 351 2336 433 ιο,

287 514 453 592 cordiae,
481 510 579 601 quod
605 530 650 576 ne
674 505 817 600 quidem
846 505 906 579 illa
929 507 1146 599 cogitamus,
1173 507 1280 579 istum
1332 531 1473 578 rarum:
1503 531 1588 600 ergo
1620 510 1670 579 ibi
1704 509 1858 579 multum
1886 523 1940 582 est
1962 510 2158 600 vitiorum,
2199 528 2235 586 et
2257 521 2336 591 dia-

287 618 473 708 ingentem,
490 624 527 694 et
540 607 819 690 inenarrabilem
843 635 1004 680 amorem
1019 609 1088 680 Dei
1104 634 1185 702 erga
1203 634 1280 682 nos.
1333 610 1435 680 bolus
1469 605 1576 680 habet
1599 636 1662 681 sua
1694 636 1840 702 organa.
1909 612 2012 705 uolet
2032 615 2196 713 &angult
2229 623 2335 717 tttotbt

286 719 395 793 Extra
411 716 604 786 Ecclesiam
622 713 797 804 optimum
816 710 1064 783 esthominem
1081 738 1156 782 non
1171 714 1281 798 nasci,
1332 715 1399 787 olel
1421 714 1575 803 bauco.
1608 717 1686 790 abet
1719 717 1824 810 menig
1857 715 1962 810 matht
1995 738 2029 791 tt
2055 720 2143 814 ttug.
2205 720 2244 792 Id
2281 740 2334 797 est

286 823 336 891 ita
356 821 462 891 etiam
478 842 603 886 verum
622 829 674 884 est
689 818 732 884 de
754 818 953 900 damnatis,
979 817 1068 886 sicut
1092 816 1223 886 dicitur
1237 818 1280 885 de
1333 819 1377 884 de
1408 817 1620 888 monstrosis
1657 821 1815 902 naturis,
1859 844 2014 912 quarum
2052 825 2241 897 cerebrum
2279 843 2334 900 est

286 924 372 1003 luda
387 922 454 1016 ⁴¹):
488 919 618 988 Melius
643 931 695 988 est
717 914 857 988 homini
875 944 950 988 non
971 931 1096 989 natum
1121 943 1194 988 esse
1216 932 1282 990 etc.
1333 931 1577 989 monstrosum
1610 932 1676 990 etc.
1727 919 1766 990 Si
1795 920 1944 990 stultum
1974 923 2014 991 in
2045 929 2221 998 mortario
2246 954 2333 999 con-

237 1067 239 1071 *
286 1024 405 1118 Satyri
424 1024 570 1093 fuerunt
593 1034 752 1111 spectra,
785 1034 965 1103 monstra,
1003 1021 1049 1117 id)
1075 1022 1158 1095 urit
1185 1019 1281 1114 ηἰῴΐ,
1332 1022 1475 1106 tundas,
1494 1046 1569 1090 non
1585 1023 1767 1093 auferetur
1784 1023 1829 1090 ab
1846 1047 1888 1091 eo
1906 1026 2070 1111 stultitia,
2087 1029 2205 1123 inquit
2221 1033 2333 1105 etiam

233 1177 235 1181 ν
286 1136 362 1204 wod
395 1132 432 1200 td
465 1121 522 1214 itt,
557 1149 662 1214 saepe
691 1123 837 1193 fuerunt
863 1126 950 1195 visa.
1012 1123 1107 1216 Sylla
1133 1125 1281 1221 cepit⁴²)
1333 1123 1575 1221 Salomon⁸⁶).
1636 1123 1723 1200 (Sott
1749 1125 1853 1216 matht
1879 1126 1958 1222 oud)
1985 1129 2120 1205 blattea
2147 1134 2242 1227 flag,
2268 1139 2332 1207 sed

285 1228 452 1323 Satyrum
475 1227 656 1296 rediturus
672 1238 795 1293 contra
814 1225 969 1296 Marium
991 1226 1029 1294 iu
1043 1224 1194 1310 ltaliam,
1220 1230 1282 1296 sed
1334 1251 1413 1296 cum
1439 1228 1534 1295 bona
1559 1228 1804 1318 castigatione.
1855 1227 2103 1327 Horatius⁴⁷):

285 1329 375 1405 nihil
391 1331 529 1400 audivit
545 1354 626 1398 eum
642 1329 868 1421 loquentem,
894 1329 963 1398 fuit
980 1341 1119 1398 tantum
1136 1329 1281 1412 stridor,
1438 1346 1572 1396 naturam
1593 1345 1719 1409 expellas
1736 1345 1826 1412 turco,
1844 1348 1937 1399 onan
1954 1362 2043 1414 usqua
2060 1355 2197 1407 meret.

285 1458 461 1506 murrmir.
514 1430 578 1524 Sd)
606 1432 698 1524 batt.
724 1438 760 1504 ct
780 1428 847 1521 fcio
873 1452 946 1522 aaut
971 1434 1103 1524 urbico
1128 1433 1282 1523 teitspe-
1332 1431 1469 1516 Furca,
1506 1434 1635 1516 idest,
1666 1433 1728 1505 soit
1754 1436 1991 1528 aem-gatru.
2024 1438 2115 1508 sicut
2145 1440 2204 1509 itte
2232 1446 2328 1533 apud

226 1550 228 1554 ’
285 1553 372 1610 ctra.
425 1534 598 1606 Coactum
624 1534 724 1602 illum
752 1534 920 1626 Satyrum
942 1534 1066 1602 dicunt
1090 1534 1281 1625 protulisse
1332 1535 1515 1618 Plautum,
1531 1533 1689 1629 quidicit
1703 1560 1740 1604 se
1758 1560 1898 1606 caesum
1916 1539 1962 1607 iri
1977 1538 2102 1634 etc.⁴⁸).
2127 1538 2250 1634 Legite
2266 1546 2327 1613 illa

271 1636 378 1721 ¹*aar
394 1663 536 1708 vocem:
565 1637 752 1727 Optimum
770 1632 955 1704 hominem
979 1661 1053 1704 non
1075 1636 1192 1720 nasci,
1220 1649 1283 1706 aut
1332 1637 1523 1716 Plautina,
1549 1649 1634 1707 sunt
1656 1638 1760 1728 plena
1784 1640 2006 1712 eruditionis.

285 1769 395 1839 quam
418 1739 601 1809 celerrime
628 1738 795 1820 interire,
822 1739 991 1831 extingui.
1043 1738 1158 1807 Huius
1181 1739 1282 1808 labu·
1434 1738 1495 1810 Vs.
1514 1738 1600 1810 481.
1652 1737 1699 1808 Et
1713 1741 1776 1833 qui
1790 1743 1927 1813 fecisset
1941 1744 2076 1815 malum
2091 1747 2226 1817 bonum
2238 1748 2264 1839 ,]
2291 1747 2330 1817 id

284 1847 341 1916 lae
368 1843 588 1913 mentionem
610 1839 701 1940 faci}
717 1836 999 1932 Plutarchus⁴⁸).
1056 1838 1282 1929 (1611111111,
1334 1854 1404 1926 est,
1431 1842 1531 1923 illum
1559 1855 1801 1919 monstrosum
1823 1845 1962 1917 fecisset
1979 1848 2146 1919 docilem.

286 1967 382 2023 netto
407 1967 487 2019 otoo
512 1947 576 2019 bob
604 1944 695 2017 clettb
722 1947 758 2016 itt
786 1945 922 2012 mundo
940 1938 1097 2037 'uttl'bet3
1127 1945 1189 2012 sed
1216 1969 1282 2014 nos
1433 1943 1494 2016 Vs.
1516 1943 1602 2019 482.
1662 1945 1700 2015 Si
1730 1946 1883 2019 dedisset
1915 1945 1985 2020 boc
2016 1948 2113 2022 Deus
2152 1951 2329 2043 medicis]

284 2054 454 2124 debemus
477 2048 622 2117 obedire
646 2045 743 2129 Deo,
770 2045 878 2115 iuxta*
895 2046 1048 2115 dictum:
1102 2044 1279 2115 Humilia·
1333 2045 1571 2137 Hippocrates
1585 2060 1640 2119 est
1654 2062 1753 2121 ortus
1771 2075 1813 2120 ex
1831 2052 1967 2121 familia
1982 2054 2197 2144 Aesculapii.
2235 2053 2329 2130 bliott

284 2155 374 2225 mini
401 2150 637 2241 subputanti
658 2174 767 2218 manu
786 2147 855 2218 Dei
879 2148 1020 2242 etc.⁴⁴)‚
1053 2150 1192 2241 potenti
1215 2150 1282 2219 sci·
1333 2154 1390 2234 but
1414 2152 1577 2244 ootgriten
1604 2153 1653 2226 bit
1682 2164 1776 2223 artes
1803 2153 1842 2221 in
1863 2155 2009 2224 familiis
2041 2156 2204 2247 beboltett.
2244 2156 2330 2226 Ari-

284 2257 367 2329 licet
390 2259 435 2322 ad
459 2254 718 2345 premendum,
751 2264 785 2318 et
817 2251 958 2341 potenti
989 2255 1034 2320 ad
1066 2254 1280 2323 sanandum.
1332 2255 1476 2324 stoteles
1501 2268 1662 2324 materna
1681 2255 1822 2347 origine
1845 2268 1953 2326 estex
1968 2253 2035 2327 hac
2051 2258 2201 2326 familia.
2234 2254 2329 2326 Item

285 2358 435 2433 Confert
455 2357 549 2425 dicta
573 2351 712 2425 ethnica
738 2356 782 2424 ad
799 2353 1006 2425 Ecclesiam.
1058 2352 1210 2425 Difficile
1230 2368 1282 2423 est
1332 2368 1435 2446 pater
1450 2357 1652 2428 Aristotelis
1679 2357 1748 2428 luit
1771 2358 1937 2430 medicus.
1988 2357 2035 2429 Et
2057 2360 2131 2450 ipse
2150 2358 2327 2428 Aristote-

284 2462 439 2537 ratinere
469 2459 682 2530 sententiam
711 2459 754 2525 de
786 2456 1033 2547 providentia,
1073 2458 1187 2526 multo
1214 2457 1280 2523 mi·
1331 2458 1381 2529 les
1404 2455 1555 2531 Athenis
1576 2461 1646 2531 suit
1673 2461 1896 2554 aliquamdiu
1921 2463 2132 2555 myropola,
2163 2463 2215 2535 citt
2236 2461 2328 2553 llpo=

283 2584 373 2648 m,
397 2556 496 2657 quod
521 2575 554 2630 te
579 2561 664 2630 velit
687 2559 857 2648 recipere·
921 2557 1027 2628 Fides
1047 2582 1122 2626 non
1147 2559 1280 2627 retine·
1330 2560 1532 2656 etcttoetbt.
1586 2562 1644 2634 Sic
1667 2564 1705 2632 in
1728 2565 1873 2636 familiis
1897 2578 1980 2636 sunt
1999 2563 2331 2655 institutiaprirnia¹

185 2661 208 2685 ‘
282 2676 345 2749 ωε·
365 2665 443 2736 sine
475 2663 612 2754 maguis
643 2662 900 2737 certaminibus
931 2672 967 2729 et
989 2660 1175 2751 agonibus.
1226 2656 1278 2730 Ita
1332 2666 1448 2735 annis.

283 2768 440 2845 conferte
464 2767 556 2835 dicta
580 2778 615 2835 et
632 2765 804 2856 opponite
820 2763 1000 2849 canticum
1013 2763 1277 2834 dulcissimum:
1433 2764 1754 2839 Vsum-438.
1806 2768 1941 2838 Sanare
1956 2782 2141 2861 stuporem
2164 2781 2200 2835 et
2223 2779 2329 2836 natu·

270 2871 411 2961 ,Grates
434 2894 529 2940 nunc
547 2892 673 2941 ornnes
697 2867 848 2938 dicimus
863 2864 1023 2935 Domibo
1040 2865 1195 2959 etc.⁴⁴¹).
1330 2890 1389 2938 ras
1405 2881 1638 2950 monstrosas,
1656 2870 1819 2938 tulissent
1834 2869 1964 2938 multas
1980 2881 2015 2936 et
2029 2892 2180 2956 magnas
2194 2892 2330 2938 merce·

250 2996 311 3057 ··,·a
383 2972 444 3045 Vs.
462 2971 549 3051 428.
601 2971 648 3041 Er
668 2971 784 3038 iacere
799 2993 907 3059 super
920 2981 1112 3038 metentem
1127 2967 1278 3037 multam
1331 2970 1404 3041 des.
1456 2970 1494 3041 Si
1515 2995 1615 3039 mens
1637 2972 1733 3040 bona
1758 2983 1848 3039 esset
1868 2958 2163 3060 possibilis'lactu
2186 2982 2220 3037 et
2244 2995 2330 3060 pos-

281 3088 435 3157 terram,
462 3078 500 3145 id
525 3087 597 3155 est,
623 3066 906 3165 cumulantem,]
933 3071 1065 3153 idest,
1097 3072 1212 3139 iacere
1226 3094 1279 3141 se·
1329 3072 1441 3141 sibilis
1468 3072 1577 3142 insitu
1595 3085 1691 3156 arte,
1712 3095 1898 3165 nunquam
1917 3084 2006 3141 esset
2023 3084 2246 3141 monstrosus
2262 3096 2331 3141 na-

281 3180 423 3272 pnltum
446 3179 511 3246 sub
534 3189 650 3256 terra,
685 3197 776 3265 qnae
799 3173 849 3242 sic
876 3172 1097 3242 accumulata
1118 3174 1165 3243 sit
1188 3173 1279 3243 sicut
1331 3185 1387 3244 tus
1404 3198 1446 3242 er
1460 3176 1557 3244 bono
1575 3187 1701 3264 patre,
1728 3175 1979 3266 obtemperans
2004 3174 2240 3265 prudentibus
2254 3199 2330 3245 ser-

282 3280 461 3360 tumulus,
489 3278 545 3345 vel
563 3277 653 3345 sicut
667 3274 937 3344 accumulantur
952 3275 1069 3364 fruges
1085 3278 1277 3345 demessae.
1330 3277 1509 3349 monibus.
1562 3277 1632 3347 Sed
1654 3281 1805 3360 docens,
1840 3278 1973 3347 scilicet
1997 3288 2238 3347 monstrosam
2262 3301 2330 3346 na-

345 3428 349 3433 ·
386 3378 447 3450 Vs.
463 3377 550 3452 429.
601 3376 755 3447 Facilius
781 3390 832 3447 est
852 3401 1023 3468 generare
1045 3391 1080 3446 et
1101 3379 1195 3447 alere
1212 3373 1278 3446 ho·
1331 3391 1469 3463 turam,
1495 3392 1536 3450 ut
1550 3378 1753 3462 Neronem,
1780 3376 1873 3448 nihil
1897 3379 2023 3449 efficiet
2051 3392 2116 3448 etc.

284 3477 452 3580 minem]
479 3497 482 3504 '
505 3481 708 3574 Utrumque
742 3494 794 3550 est
824 3480 965 3550 difficile
988 3493 1023 3550 et
1045 3505 1216 3572 generare
1241 3492 1277 3549 et
1431 3481 1509 3553 Vss.
1527 3482 1602 3554 489
1618 3509 1698 3579 sqq.
1725 3481 1880 3553 XXVIII.
1912 3481 1967 3553 De
1985 3481 2145 3552 curiosis.

283 3587 391 3659 alere.
1431 3585 1589 3656 Stultitia
1614 3601 1668 3658 est
1682 3586 1770 3657 loris
1788 3610 1913 3677 sapere
1929 3598 1965 3654 et
1984 3609 2058 3654 non
2077 3581 2189 3652 domi.

384 3688 463 3761 Vss.
485 3685 561 3761 429
584 3713 637 3781 sq.
690 3685 809 3778 Quam
841 3685 996 3756 inserere
1019 3686 1154 3755 bonam
1178 3707 1277 3752 men·
1464 3704 1520 3756 sat
1536 3717 1591 3756 non
1609 3704 1738 3757 varenn-
1754 3704 1907 3770 mentam,
1925 3702 1997 3766 quor
2013 3701 2043 3753 tn
2061 3704 2142 3767 tergo
2160 3701 2216 3753 art.

281 3806 353 3865 tem
364 3789 391 3891 ‚]
415 3792 517 3886 quasi
538 3791 651 3860 dicat:
679 3791 875 3858 multorum
898 3802 1049 3859 naturae
1072 3788 1159 3857 tales
1181 3798 1277 3869 sunt,
1329 3789 1558 3899 Cptullusw),
1585 3792 1700 3865 Nemo
1714 3805 1778 3874 est,
1796 3792 1859 3886 qui
1874 3814 2000 3859 nonar
2015 3789 2133 3882 aliqua
2150 3798 2252 3878 parte
2272 3794 2354 3869 est.

280 3910 322 3966 ut
342 3896 530 3964 difficulter
548 3893 736 3961 flectantur
754 3894 800 3960 ad
821 3892 991 3960 virtutem
1010 3901 1159 3983 propter
1174 3913 1276 3956 mon·
1328 3890 1494 3965 Suffenus
1509 3892 1576 3989 ω),
1603 3892 1757 3983 blattam
1778 3895 1841 3988 qui
1862 3918 1936 3965 sese
1960 3892 2064 3961 valde
2087 3891 2325 3977 admirantur.

281 3998 497 4069 strnsitatem
519 4008 554 4063 et
583 3995 798 4084 pravitatem
823 4007 987 4063 naturae.
1040 3991 1195 4101 Multum
1224 4005 1277 4061 est
1328 3996 1491 4087 Aesopus
1510 3995 1602 4064 dixit
1625 3992 1791 4067 homines
1820 3993 1952 4065 babere
1984 3994 2179 4075 manticas,
2213 4014 2329 4061 unam

280 4111 566 4171 monstrosarum
591 4109 825 4180 naturarum,
853 4095 942 4164 alius
960 4095 1032 4164 alio
1050 4096 1172 4164 modo.
1329 4098 1368 4165 in
1393 4111 1514 4191 tergo,
1541 4100 1690 4170 alteram
1713 4114 1816 4184 ante,
1842 4101 1879 4167 in
1896 4097 2131 4191 posteriorem
2148 4118 2212 4164 sna
2234 4090 2323 4159 vitia

292 4248 325 4275 1...-
383 4198 444 4270 Vs.
462 4199 552 4274 450.
600 4197 716 4268 Nemo
735 4195 851 4269 adhuc
867 4189 1080 4288 excogitavit
1095 4192 1184 4294 hnc]
1211 4194 1277 4264 sci·
1328 4216 1510 4293 reponunt
1536 4202 1681 4298 etum)
1727 4201 1974 4298 Salomon³¹):
1998 4198 2111 4270 Iustus
2135 4197 2172 4265 in
2189 4192 2328 4286 princi·

279 4302 364 4373 licet
400 4305 583 4398 quomodo
626 4315 850 4373 monstrosae
887 4315 1038 4372 naturae
1073 4301 1275 4370 flectantur.
1328 4304 1388 4394 pio
1416 4320 1601 4377 accusator
1625 4319 1677 4376 est
1698 4306 1775 4387 sni,
1813 4319 1938 4396 postea
1972 4301 2174 4374 considerat
2198 4297 2326 4368 aliurn.

281 4404 398 4477 Curva
422 4407 518 4495 ligna
542 4429 616 4477 non
633 4420 782 4496 possunt
799 4406 875 4474 fieri
893 4418 1008 4489 recta,
1034 4401 1274 4496 Salomnn⁴⁶).
1327 4408 1389 4483 §bu
1415 4411 1529 4497 State,
1555 4410 1728 4481 descende
1751 4407 1847 4477 intra
1872 4420 1929 4491 te,

279 4506 460 4603 Loquitur
479 4509 523 4577 de
538 4518 614 4577 Iole
638 4508 867 4579 ruultiludine
890 4521 925 4575 et
940 4506 1153 4578 monstrosis
1168 4517 1274 4575 nalu-
1430 4527 1529 4577 aarum
1545 4508 1652 4592 habile,
1671 4523 1807 4593 etruria,
1828 4536 1910 4590 quen
1922 4525 1963 4577 alt
1978 4524 2029 4578 ttat
2039 4525 2120 4577 oum
2130 4516 2310 4589 snpetlax⁵⁸).

279 4612 348 4696 ris,
384 4630 474 4684 ocur
509 4617 546 4684 ct
569 4606 626 4701 ¹lot
660 4610 765 4684 trion
800 4612 836 4683 io
863 4609 972 4699 tione.
1012 4630 1046 4682 et
1070 4609 1165 4683 uode
1191 4605 1274 4698 [old
1331 4663 1536 4678 .....-..-.
2054 4638 2057 4642 “
2117 4614 2121 4628 ’

279 4714 458 4806 &eginum
483 4713 605 4806 babeo.
631 4715 680 4786 oo
695 4712 765 4786 tcto
791 4712 921 4803 maagal
950 4714 1049 4784 ioum
1068 4710 1133 4803 fn).
1178 4711 1272 4780 Mut-
1359 4743 1408 4809 43)
1426 4743 1510 4794 rm.
1528 4739 1580 4805 ῃ,
1596 4739 1640 4793 22,

208 4903 211 4919 Ι
279 4815 396 4888 titudo
418 4813 606 4887 hominurn
628 4829 768 4884 constat
792 4838 922 4904 magna
944 4815 1148 4884 diversitate
1171 4826 1275 4884 natu·
1359 4828 1409 4896 47)
1428 4830 1526 4880 norst.
1544 4827 1632 4890 aptit.
1651 4829 1679 4891 1,
1700 4831 1749 4895 to,
1766 4830 1810 4881 aa.
1902 4864 1905 4868 .

1360 4917 1409 4978 48)
1428 4917 1503 4966 Boeo
1526 4916 1653 4977 spectare
1676 4914 1805 4965 videntur
1828 4915 1863 4964 ud
1889 4914 1981 4965 Plauti
2009 4911 2141 4965 cestuum
2158 4912 2202 4975 11,
2225 4911 2258 4974 4,
2277 4908 2324 4964 87.

1394 4985 1440 5034 vel
1459 4986 1513 5050 111,
1536 4986 1567 5046 1,
1587 4984 1620 5033 14
1631 4996 1692 5048 sqq.

313 5048 364 5108 41)
380 5048 477 5100 Mettis.
495 5048 547 5113 28,
563 5049 606 5099 24.
631 5050 715 5098 blare.
736 5051 782 5112 14,
800 5051 842 5102 21.
1313 5088 1317 5095 =
1359 5067 1407 5134 ⁴9)
1425 5069 1526 5122 catull,
1544 5069 1595 5132 n,
1613 5069 1655 5125 21,

314 5133 364 5192 α)
382 5134 468 5196 “llll
484 5136 534 5186 El·
556 5134 631 5184 ¹5⁶⁰·
650 5133 750 5220 ⁰⁰2⁰l’ll·
1359 5154 1407 5221 50)
1427 5156 1572 5218 Suffenus,
1591 5166 1690 5204 nomeu
1712 5159 1810 5216 poetae
1829 5154 1929 5217 tueptt,
1955 5152 2000 5216 qui
2018 5164 2050 5201 so
2068 5149 2213 5212 plurmum
2231 5149 2323 5199 adnl-

311 5219 364 5277 ⁴⁸)
383 5217 521 5269 Plutarch.
539 5221 622 5283 sylla
639 5231 662 5269 o.
681 5219 722 5271 11.
1395 5226 1519 5274 rebatur.
1563 5224 1633 5273 titire
1657 5224 1791 5275 communi
1819 5225 1926 5274 nomine
1956 5222 2092 5271 vorantur
2118 5217 2239 5283 fintani,
2275 5218 2326 5282 qut

315 5307 364 5364 4⁴)
383 5307 406 5356 ς,
425 5304 498 5355 ΜΓ,
516 5307 550 5371 5,
569 5308 593 5359 ς,
1394 5294 1529 5344 scultare
1548 5292 1728 5345 tenuantur.

313 5396 388 5452 ua)
407 5393 464 5442 Hoc
476 5394 548 5442 cant.
564 5393 682 5444 afferunt
693 5393 806 5444 Daniel:
827 5394 958 5445 Ttreraur.
978 5391 1139 5458 byrnrrolog.
1157 5392 1274 5445 'ronulb
1356 5379 1432 5435 1101ῑ)
1450 5378 1555 5441 Amal
1571 5379 1638 5431 Fal³·
1657 5378 1718 5428 ⁴⁰7·
1739 5376 1887 5441 lssflffl't’lll:
1905 5369 2077 5443 4114414150·

350 5464 426 5524 p.b.;
454 5463 681 5529 Wackernagel:
702 5464 727 5512 d.
748 5465 885 5514 Deutacbo
904 5461 1081 5514 ateramum
1101 5474 1127 5523 p.
1146 5461 1188 5514 16.
1356 5462 1407 5520 aa)
1426 5461 1509 5513 Prov.
1530 5464 1576 5528 18,
1596 5461 1637 5513 17.

311 5547 363 5604 48)
381 5547 568 5597 Ecclesiastes
589 5550 621 5613 1,
642 5545 682 5598 td.
1357 5547 1408 5609 82)
1426 5546 1519 5599 Persii
1534 5550 1594 5600 841.
1612 5550 1646 5614 4,
1663 5547 1708 5599 82.
