4784 6256
174 331 252 410 655

316 496 613 593 Ascalaphus
638 499 683 568 iu
709 500 936 570 bubonem
961 496 1023 590 ⁸¹).

277 632 469 730 Ascalaphi
484 634 576 706 sicut
596 646 632 703 et
652 635 753 703 corvi
777 635 939 726 exemplo
962 656 1166 716 monemur,

176 771 223 817 ne
257 741 344 838 quid
373 752 509 808 temere
532 736 757 819 iudicemus.
792 761 864 830 quo
889 737 1080 807 subeamus
1104 748 1166 804 aut

177 846 300 920 odium
318 853 381 912 aut
403 861 572 931 poenam.
623 837 699 908 Nec
722 837 799 907 sine
821 862 926 910 causa
944 832 1167 929 Ascalaphus

175 941 504 1037 importunissimus
528 939 656 1021 index,
690 939 838 1031 tingitur
860 953 1019 1012 mutatus
1042 940 1082 1008 in
1100 940 1165 1009 bu·

173 1053 328 1125 bouem:
354 1056 407 1115 est
430 1043 526 1113 euim
551 1040 649 1111 bubo
670 1040 778 1112 iudex
802 1044 956 1112 maxime
979 1042 1165 1111 abomina-

174 1166 250 1232 tus,
290 1147 353 1242 qui
387 1171 468 1216 cum
500 1143 668 1213 domibus
703 1144 852 1228 insidet,
890 1145 1011 1216 feralis
1037 1145 1165 1216 existit.

174 1252 283 1324 Tales
296 1244 488 1340 Ascalaphi
503 1257 588 1316 sunt
603 1245 802 1330 delatores,
828 1248 891 1341 qui
908 1247 946 1316 in
962 1247 1052 1318 aulis
1066 1247 1165 1338 prin-

174 1356 293 1447 cipum
312 1351 468 1422 existunt
484 1346 618 1418 indices
636 1349 757 1419 multis
774 1349 945 1420 exitiales.

416 1519 602 1613 Sirenes
630 1519 676 1588 in
704 1530 919 1589 monstra.

225 1657 303 1727 Vss.
320 1650 397 1728 552
411 1681 466 1748 sq.
499 1658 607 1740 vobis,
633 1657 848 1743 Acheloides,
871 1661 960 1725 unde

227 1762 349 1830 Pluma
374 1760 536 1851 pedesque
558 1762 691 1843 evium,
725 1782 800 1827 eum
833 1761 981 1848 uirginis
1009 1782 1072 1827 oro
1103 1780 1165 1847 pe·

583 1856 699 1930 rotis?

276 1980 418 2052 Sirenes
432 1983 577 2052 luerunt
593 1979 958 2070 reginaeinsularum,
974 1977 1165 2073 quaePae·

175 2096 279 2155 stano
296 2095 332 2152 et
344 2083 573 2154 Salernitano
589 2081 685 2152 sinui
700 2081 885 2164 adiacent,
899 2094 1164 2175 tenueruntque

59 2188 61 2193 ’
173 2189 252 2258 loca
270 2184 509 2283 Campaniae,
534 2186 573 2252 in
588 2184 717 2278 quibus
732 2183 923 2276 Neapolis,
949 2185 1162 2255 Surrentum

175 2314 257 2360 cum
271 2288 525 2379 promontorio
541 2287 744 2357 Minervae:
772 2288 868 2357 unde
883 2300 918 2356 et
931 2311 972 2357 ea
988 2288 1088 2369 loca,
1110 2286 1165 2356 Si·

129 2424 132 2429 ·
173 2414 304 2462 renum
322 2388 458 2482 scopuli
473 2390 721 2462 nominantur.
773 2389 838 2461 His
854 2391 1086 2482 regnantibus
1106 2412 1164 2457 ex·

174 2494 281 2565 citata
298 2504 383 2564 sunt
396 2493 599 2564 litterarum
621 2492 741 2565 studia
763 2493 802 2561 in
824 2493 1077 2585 promontorio
1094 2490 1164 2559 Mi-

169 2618 329 2681 nervae,
346 2607 506 2666 extructo
525 2596 598 2665 illic
608 2591 818 2676 Athenaeo,
833 2590 903 2664 hoc
921 2608 992 2680 est,
1015 2617 1164 2688 gymna-

174 2700 249 2782 sio,
282 2722 393 2794 aquo
407 2699 700 2791 promontorium
724 2698 834 2782 illud,
866 2697 1054 2794 Minervae
1077 2696 1163 2766 dici-

128 2853 138 2872 .
174 2815 245 2881 tur,
294 2801 385 2871 Erat
399 2802 495 2872 enim
510 2798 735 2873 Athenaeum
750 2800 849 2872 locus
864 2801 1051 2871 Minervae
1068 2799 1163 2868 dica-

174 2915 250 2988 tus,
281 2905 344 2976 ubi
358 2905 498 2998 publice
514 2905 736 2975 docebantur
750 2917 844 2975 artes
865 2905 1050 2986 liberales,
1084 2903 1163 2996 qui-

174 3009 242 3078 bus
255 3031 418 3100 praeesse
434 3007 494 3078 illa
509 3008 715 3099 putabatur.
766 3003 807 3076 ld
825 3031 910 3076 vero
936 3005 1161 3100 gymnasium

174 3110 244 3179 fuit
271 3114 361 3179 adeo
392 3109 548 3189 celebre,
588 3122 629 3178 ut
652 3109 877 3205 eloquentiae
904 3122 939 3177 ct
959 3110 1162 3179 litterarum

175 3209 314 3293 studia,
344 3233 439 3303 quae
461 3211 511 3278 ibi
532 3209 752 3293 floruerunt,
787 3209 951 3279 dederint
972 3210 1090 3279 locum
1110 3211 1162 3277 fa-

174 3309 282 3380 bulae
296 3312 340 3380 de
359 3309 534 3380 suavitate
549 3309 646 3378 vocis
665 3323 700 3378 et
723 3323 831 3381 cantu
846 3311 1032 3394 Sirenum,
1065 3313 1162 3404 quod

176 3411 285 3482 etiarn
296 3411 476 3485 Homerus
492 3413 669 3496 declarat,
695 3437 775 3485 cum
798 3412 859 3481 illa
884 3413 961 3503 ipsa
978 3412 1162 3484 Sirenibus

176 3514 359 3602 attribuit,
386 3538 478 3612 quae
497 3529 580 3589 sunt
595 3514 801 3600 Musarum,
828 3514 994 3584 videlicet
1013 3529 1049 3586 et
1069 3514 1163 3608 peri·

175 3616 264 3689 tiam
287 3620 459 3706 canendi,
501 3618 572 3692 hoc
594 3632 665 3705 est,
699 3617 962 3715 eloquentiam,
996 3631 1032 3688 et
1052 3615 1163 3690 histo·

176 3723 334 3808 riarum,
355 3749 548 3820 rerumque
562 3725 782 3794 naturalium
798 3721 1052 3814 cognitionem.
1104 3721 1162 3791 Sic

176 3826 273 3895 enim
302 3830 346 3896 de
373 3853 410 3896 se
440 3828 642 3916 gloriantur
669 3828 765 3918 apud
789 3825 988 3894 Homerum
1009 3825 1163 3908 Sirenes,

176 3927 393 3995 duodecimo
423 3925 604 4018 Odysseae
624 3924 691 4015 ⁸²),
732 3927 939 4016 prolitentes
978 3927 1162 3999 scientiam

177 4026 361 4108 omnium,
404 4049 497 4117 quae
528 4027 566 4094 in
597 4037 692 4094 terra
717 4028 829 4112 fiunt,
859 4041 1032 4120 geruntur
1056 4043 1091 4101 et
1113 4029 1164 4122 gi·

176 4138 355 4218 gnuntur:

232 4244 289 4322 ot
306 4239 382 4346 γάρ
399 4239 459 4319 πά
472 4272 527 4330 τις
541 4244 631 4342 τῇδε
645 4242 833 4345 παρήλασε
848 4249 913 4347 νηῒ
922 4247 1090 4348 μελαίνῃ,

227 4344 318 4444 πρίν
350 4347 384 4449 μ’
407 4346 533 4443 ἡμέων
561 4347 766 4477 μεμίμηρον
786 4350 860 4427 ἀπὸ
885 4348 1084 4448 στομάτων
1106 4352 1162 4429 ὄπ’

592 4476 771 4529 ακουσαι’

229 4548 305 4624 ἀλλ’
322 4550 387 4652 ὅγε
402 4549 634 4650 τερψάμενος
648 4559 785 4650 νεῖται,
799 4553 864 4629 καὶ
877 4555 1030 4631 πλείονα
1046 4555 1164 4642 εἰδώς.
1179 4646 1185 4657 Ι

176 4728 179 4737 ,
227 4649 338 4747 ἴδμεν
358 4650 433 4753 γάρ
445 4682 503 4729 τοι
518 4651 634 4730 πάνθ’
635 4709 647 4742 ,
674 4655 726 4731 ὄπ’
745 4655 801 4733 ε’νὶ
817 4653 930 4754 Τροίῃ
941 4655 1064 4753 εὐρείῃ
1181 4660 1184 4665 ’

224 4754 382 4854 Ἀργεῖοι
398 4757 520 4852 (lbaie‘c
531 4785 572 4830 τε
586 4757 822 4854 θεῶνὶότητι
835 4752 1028 4855 μόγησαν·

226 4855 339 4951 ἴδμεν
360 4855 409 4943 δ’,
451 4856 545 4935 ὅσσα
571 4857 724 4960 γένηται
754 4857 812 4935 ἐπὶ
839 4857 957 4952 χθονὶ
977 4862 1166 4958 πουλυβο-

590 4958 706 5059 τάμῃ.

175 5079 230 5149 Ac
250 5081 433 5170 finguntur
461 5082 604 5155 Sirenes
624 5082 719 5151 tiliae
744 5080 922 5174 Calliopes
946 5096 981 5152 et
1002 5078 1165 5170 Acheloi,

175 5193 326 5274 propter
343 5189 561 5276 professores
572 5182 779 5255 litterarum
795 5186 982 5260 accersitos
996 5211 1039 5258 ex
1055 5187 1164 5259 Aeto-

177 5351 384 5375 Μ

202 5448 260 5511 τι)
275 5451 356 5502 oue.
373 5453 437 5501 uec.
457 5450 501 5513 v,
517 5445 571 5497 sos
587 5470 622 5483 -
639 5447 700 5498 aso.

207 5530 260 5591 ἃ)
279 5536 359 5586 uon.
379 5533 431 5587 os.
449 5532 519 5599 ττιτ,
538 5530 590 5583 rer
609 5556 640 5574 -
659 5533 721 5587 ror.

763 327 886 401 Plllb.
913 327 1026 400 MEL.
1052 325 1256 399 SCRIPTA
1282 319 1619 395 PHILOLOGICA.

2100 346 2104 355 “
2138 324 2217 404 556

1218 496 1263 565 Ιίο
1289 509 1323 564 et
1341 493 1564 576 Acarnania,
1598 517 1708 588 quam
1725 491 1923 578 Achelous,
1956 498 2215 578 celeberrimus

1217 598 1389 668 Graeciae
1403 595 1550 679 fluvius,
1576 609 1737 687 separat:
1762 597 1910 689 perinde
1925 611 1966 670 ut
1987 600 2018 672 si
2041 603 2124 696 quis
2148 609 2216 677 fin.

1218 712 1277 791 gat
1300 698 1421 769 Musas
1438 697 1745 789 Regiornontanas
1767 723 1841 773 esse
1863 701 1955 773 filias
1969 700 2153 798 Calliopes
2178 727 2216 782 et

1217 801 1336 884 Albis,
1361 814 1512 894 propter
1529 801 1679 871 lectores
1693 799 1762 872 huc
1784 815 1943 886 vocatos.
1955 828 1998 875 ex
2013 810 2224 885 Academia

1217 902 1465 993 Vitebergeusi
1478 904 1523 972 ad
1539 903 1659 973 Albim
1677 903 1758 975 sita.
1809 908 1858 975 At
1874 919 2067 1003 postquam
2090 913 2213 989 bonae

1218 1020 1313 1075 artes
1329 1005 1401 1073 illic
1419 1004 1591 1075 excitatae
1606 1019 1708 1088 sunt,
1734 1020 1770 1075 et
1783 1032 1923 1079 summa
1947 1034 2029 1081 curn
2052 1016 2210 1088 admira-

1217 1109 1315 1178 tione
1332 1102 1520 1183 hominum
1536 1107 1788 1191 effloruerunt,
1815 1112 2005 1202 posteritas
2021 1114 2081 1209 (ut
2095 1120 2152 1214 lit)
2168 1121 2212 1190 il·

1216 1211 1260 1281 lis
1275 1211 1385 1280 abusa
1403 1222 1455 1279 est
1471 1213 1517 1279 ad
1541 1210 1731 1293 iniuriam,
1758 1215 2035 1301 contumeliam,
2070 1235 2106 1290 et
2128 1247 2216 1314 per·

1217 1313 1347 1382 niciem
1364 1312 1593 1402 reipublicae.
1642 1310 1797 1384 Adhaec
1813 1317 2074 1405 adolescentes,
2101 1348 2213 1398 causa

1199 1485 1201 1489 ,
1216 1415 1418 1484 studiorum
1435 1437 1477 1483 eo
1493 1415 1613 1497 missi,
1646 1417 1807 1486 feceruut
1828 1419 2004 1491 iacturam
2031 1429 2210 1516 patrimo*

1217 1517 1289 1599 nii,
1329 1515 1456 1586 scortis
1486 1517 1636 1587 addicti:
1675 1520 1772 1589 unde
1801 1525 1901 1612 apud
1932 1537 2072 1599 exteros
2097 1527 2209 1602 Athe·

1215 1643 1346 1688 uacum
1376 1618 1462 1686 illud
1497 1622 1615 1711 coepit
1644 1621 1736 1689 male
1763 1625 1909 1709 audire,
1953 1633 2208 1727 emanavitque

1217 1722 1339 1790 fabula
1356 1723 1399 1789 de
1414 1721 1598 1792 Sirenibus
1615 1723 1652 1792 iu
1670 1738 1829 1794 monstra
1846 1730 2012 1814 mutatis,
2039 1757 2058 1800 a
2075 1736 2208 1829 quibus

1217 1824 1443 1907 accedentes,
1470 1823 1508 1890 iu
1527 1826 1713 1916 naufragia
1729 1825 1798 1919 ³⁸),
1824 1826 1893 1899 hoc
1908 1843 1978 1912 est,
2009 1849 2204 1922 egestatem

1216 1928 1273 1996 vel
1295 1925 1491 2016 perniciem
1511 1923 1789 2000 attraherentur.
1852 1931 1953 2001 Hanc
1977 1933 2022 2001 ob
2053 1959 2200 2007 causam

1216 2028 1313 2121 ipsae
1329 2027 1470 2098 Sirenes
1490 2053 1587 2099 nuuc
1610 2031 1833 2123 accipiuntur
1852 2058 1918 2125 pro
1938 2033 2112 2109 illecebris
2134 2064 2201 2109 vo·

1214 2131 1414 2222 luptatum,
1441 2155 1534 2224 quae
1550 2145 1656 2205 antea
1668 2159 1736 2226 pro
1754 2135 1865 2208 Musis
1879 2133 2125 2210 habebantur:
2143 2166 2211 2220 εε-4

1214 2256 1367 2326 rumque
1383 2234 1519 2305 musica
1534 2236 1708 2329 accipitur
1733 2263 1799 2330 pro
1824 2240 2029 2336 eloquentia
2054 2267 2132 2312 nou
2158 2248 2206 2315 ad

1215 2337 1506 2427 permulcendos,
1532 2340 1624 2428 ised*
1640 2343 1842 2432 perdendos
1868 2339 2034 2415 homines
2061 2370 2205 2438 compa-

1214 2451 1311 2507 rata:
1348 2440 1489 2531 qualem
1512 2439 1697 2514 Aeschinis
1728 2445 1971 2540 eloquentiam
1994 2446 2205 2521 Demosthe·

1214 2565 1278 2611 nes
1293 2565 1368 2610 esse
1386 2542 1487 2611 dixit.

1316 2643 1434 2712 Porro
1449 2645 1540 2714 sicut
1553 2646 1690 2740 Ulyssis
1703 2649 1792 2720 socii
1806 2651 1952 2723 Sirenas
1968 2656 2207 2745 praetervecti

1214 2758 1297 2816 sunt
1312 2746 1502 2817 obstructis
1517 2750 1685 2829 auribus.
1699 2756 1747 2821 'ne
1762 2753 1903 2826 blandis
1919 2767 1955 2824 et
1969 2756 2105 2828 dolosis
2124 2780 2208 2826 can-

1214 2848 1308 2919 tibus
1337 2849 1557 2920 illicerentur
1587 2853 1626 2920 in
1649 2852 1890 2943 naufragium:
1934 2857 1981 2922 ita
2007 2882 2076 2927 nos
2100 2862 2210 2927 decet

1214 2953 1373 3022 aversari
1388 2965 1424 3022 et
1446 2953 1569 3044 lugere
1591 2956 1808 3046 voluptates,
1841 2978 1907 3025 uec
1932 2958 2105 3047 praebere
2128 2959 2206 3029 illis

1214 3078 1336 3138 aures,
1362 3054 1425 3148 qui
1440 3057 1625 3127 dulcedine
1640 3057 1814 3129 orationis
1835 3059 2117 3154 corruptelaque
2143 3063 2209 3130 de-

1214 3170 1366 3247 pravant
1381 3158 1582 3229 doctrinam
1598 3158 1789 3252 religionis.

1371 3326 1432 3395 De
1459 3325 1633 3422 Alpheo
1659 3342 1701 3399 ct
1723 3327 1953 3403 Arethusa
1980 3332 2049 3430 ⁸¹).

1316 3460 1451 3552 Opinio
1479 3478 1531 3534 cst
1551 3461 1922 3558 Alpheum,lluvium‚
1953 3467 2017 3561 qui
2039 3468 2077 3537 in
2099 3469 2206 3538 Pelo·

1214 3564 1431 3653 ponnesiaco
1460 3565 1582 3637 littore
1614 3569 1845 3652 absorbetur,
1879 3571 1945 3640 sub
1975 3570 2065 3639 mari
2092 3595 2203 3660 pene·

1214 3678 1310 3734 trare
1340 3666 1378 3733 iu
1397 3667 1577 3753 Siciliam,
1611 3683 1647 3740 et
1677 3678 1766 3743 ante'
1791 3699 1831 3745 os
1862 3668 2055 3745 Arethusae
2084 3672 2197 3742 fontis

1215 3791 1394 3859 emergere
1410 3771 1509 3840 iuxta
1525 3773 1734 3865 Syracusas:
1756 3776 1855 3847 cuius
1869 3777 1921 3846 rei
1935 3775 2004 3847 sive
2017 3774 2200 3843 coniectu·

1215 3894 1307 3953 ram,
1333 3870 1407 3940 sive
1423 3875 1624 3959 veritatem,
1650 3890 1778 3968 poetae
1793 3892 1833 3948 ut
1849 3879 2079 3959 celebrarent,
2099 3877 2203 3947 iabu-

1214 3972 1278 4041 lati
1303 3986 1387 4043 sunt
1408 3973 1587 4068 Alpheum
1614 4004 1737 4049 amore
1768 3981 1878 4072 ipsius
1898 3976 2099 4051 Arethusae
2129 3994 2203 4049 tam

1214 4076 1325 4168 longo
1342 4089 1461 4150 tractu
1477 4081 1544 4171 sub
1568 4081 1662 4150 mari
1685 4106 1826 4154 cursum
1850 4106 1964 4174 agere.
2019 4081 2084 4154 Est
2108 4085 2199 4151 enim

1214 4174 1394 4251 Arethusa
1411 4182 1493 4253 lons
1509 4184 1619 4256 totius
1633 4183 1774 4254 Siciliae
1795 4184 2048 4256 celeberrimus
2072 4199 2108 4254 et
2127 4208 2199 4254 arn·

1216 4282 1415 4373 plissimus,
1448 4288 1494 4355 ad
1515 4287 1615 4359 cuius
1637 4312 1677 4358 os
1698 4287 1774 4380 ipse
1792 4284 1952 4378 Alpheus
1974 4288 2080 4383 quasi
2104 4288 2201 4358 volu-

1216 4396 1314 4475 ptate
1328 4386 1481 4476 gestiens
1496 4402 1532 4459 et
1547 4392 1709 4461 exultans
1731 4415 1751 4461 e
1774 4390 1938 4463 fluctibus
1957 4391 2069 4462 maris
2092 4414 2203 4461 emer·

1216 4485 1268 4577 git
1293 4499 1394 4557 tauto
1425 4491 1582 4582 impetu,
1624 4493 1682 4562 vix
1711 4505 1753 4563 ut
1784 4494 1920 4587 cymbis
1952 4494 2044 4563 adiri
2081 4493 2204 4586 possit.

1216 4587 1290 4682 Qui
1304 4614 1389 4661 vero
1407 4593 1602 4686 opinantur
1616 4596 1717 4665 illum
1728 4621 1777 4667 ex
1794 4597 1920 4667 Helide
1943 4620 1986 4666 eo
2010 4620 2124 4693 usque
2145 4619 2203 4687 pe·

1216 4704 1381 4777 netrare,
1406 4691 1474 4766 hac
1491 4698 1694 4767 coniectura
1713 4701 1928 4783 ductisunt,
1955 4725 2088 4792 nempe
2106 4699 2204 4792 quod

1217 4806 1310 4864 stato
1335 4809 1516 4888 ternpore,
1549 4824 1629 4869 cum
1649 4801 1818 4896 Olympia
1844 4804 2137 4886 celebrabantur,
2169 4813 2205 4869 et

1216 4895 1443 4967 victimarum
1459 4903 1583 4973 sordes
1598 4904 1636 4973 in
1650 4929 1792 4974 amnem
1817 4906 2119 4998 proiicicbautur,
2145 4903 2207 4976 Al·

1217 4994 1329 5090 pheus
1351 5000 1389 5069 in
1411 5002 1533 5074 littore
1549 5006 1670 5077 Siculo
1691 5008 1829 5079 solebat
1851 5008 1929 5079 lieri
1952 4990 2136 5088 turbidus,
2173 5019 2209 5075 et

1215 5097 1413 5176 Arethusae
1427 5107 1509 5181 fons
1526 5110 1688 5181 redolere
1703 5112 1848 5192 limum:
1874 5114 1936 5184 sed
1951 5111 2082 5183 Strabo
2097 5124 2208 5204 negat

1215 5199 1395 5279 haeresse
1414 5234 1518 5296 vera,
1545 5214 1710 5308 quamvis
1724 5213 1876 5285 Timaeo
1900 5208 2144 5308 philosopho,
2175 5226 2207 5283 et

1219 5362 1424 5383 ,Ωιι-ιι...-

1247 5457 1298 5519 28)
1315 5461 1477 5526 monaste]
1497 5463 1539 5515 stc
1556 5466 1641 5518 Etis.
1661 5467 1754 5533 totos
1773 5469 1822 5520 tte.
1842 5468 1919 5523 ¹5⁶⁹.
1938 5469 2028 5521 nete:
2050 5468 2204 5535 nammis.

1199 5620 1210 5633 κ
1245 5542 1295 5601 ⁸4)
1314 5544 1395 5604 oue.
1410 5551 1477 5601 ttst.
1494 5549 1538 5613 V,
1555 5549 1608 5604 tm
1625 5565 1686 5616 sqq.
