4778 6240
72 260 147 336 res
204 231 206 236 ’
483 251 637 326 rxxu.
699 253 1097 330 rnrenrnrrsrm
1129 250 1462 326 orrurmnms
1493 246 1703 325 emnam.
2036 248 2110 323 ros
2228 268 2230 272 2

68 426 333 519 „edeciment
352 424 495 495 fabulae
520 427 715 496 fabricatae
740 428 943 499 mendaciis.
996 426 1065 499 Cu·
1117 437 1234 508 retur,
1260 425 1395 518 gloriae
1413 422 1562 516 expers?
1610 422 1689 514 Ego
1711 433 1894 492 certamen
1910 423 2110 513 aggredior,

68 535 281 626 pionemm·
291 551 507 600 sermonem.
535 526 628 621 (Str.
641 531 696 625 2.)
723 531 792 601 Sed
808 531 947 615 Gratia,
972 554 1064 625 quae
1117 540 1156 597 tu
1179 529 1352 618 praebeto
1374 539 1515 620 gratum
1538 538 1718 597 eventum.
1778 524 1837 595 Sic
1857 523 1947 595 dixit
1966 522 2109 615 Pelops,

68 637 156 706 lacit
171 632 290 704 omnia
305 631 460 701 iucunda
480 626 707 715 hominibus,
742 636 857 703 adfert
874 630 1064 717 honorem,
1116 653 1181 701 nec
1196 630 1297 701 irrita
1313 631 1382 702 fuit
1395 628 1540 723 petitio,
1563 653 1604 699 ac
1618 629 1812 699 laetificans
1819 626 2110 718 DeusPelopem,

69 736 224 819 etfacit,
248 747 289 805 ut
310 734 503 803 credantur
522 732 758 806 incredibilia.
813 735 883 807 Sed
903 737 1063 806 laturum
1116 733 1215 802 dedit
1245 734 1280 802 ei
1307 758 1452 804 currum
1482 756 1632 803 aureum
1677 744 1713 801 et
1754 731 1947 802 indeletam
1986 753 2110 823 equos·

68 853 209 930 tempus
224 836 353 927 retegit
375 836 574 905 mendacia.
625 835 736 906 Decet
760 851 879 908 autem
900 834 1064 910 homines
1116 834 1207 929 (ser.
1232 835 1285 930 4.)
1322 834 1426 928 Cepit
1458 834 1567 926 igitur
1600 835 1758 904 validum
1789 833 2039 916 Oenomaum,
2074 844 2111 903 ot

68 944 112 1037 dp
128 935 372 1037 Diishpnesta
389 938 519 1008 dicere.
571 937 733 1032 Minor’)
756 941 851 1010 enim
870 943 976 1034 ,culpa
1001 954 1064 1012 est.
1116 937 1291 1029 virginem
1306 939 1514 1030 coniugem,
1538 962 1630 1032 quae
1647 937 1788 1030 peperit
1799 961 1861 1007 sex
1876 935 1985 1019 lilios,
2010 934 2110 1027 prin·

66 1028 137 1145 [hili
151 1041 319 1135 Tantali,
346 1063 411 1131 ego
429 1052 463 1108 te
474 1038 634 1111 laudabo
657 1041 759 1111 aliter
780 1068 889 1136 quam
913 1044 1063 1135 priores.
1115 1039 1210 1131 cipes
1226 1039 1394 1111 virtutem
1411 1054 1588 1112 curantes.
1639 1040 1743 1112 Nunc
1767 1040 1861 1108 inter
1879 1038 2036 1130 sepultos
2057 1037 2109 1109 ia·

66 1130 224 1243 ssiiairdo
246 1132 388 1231 roravit
409 1139 505 1212 Deos
530 1153 633 1232 pater
654 1146 699 1213 ad
723 1145 900 1235 legitimas
929 1146 1063 1238 epulas,
1115 1154 1190 1225 cet,
1224 1144 1270 1211 ad
1291 1138 1493 1236 Alpheum,
1527 1145 1624 1234 apud
1648 1154 1748 1211 aram
1771 1140 2108 1236 frequentissimam,

64 1220 183 1345 gtlacl
194 1244 378 1339 Sipylum,
418 1256 458 1313 ut
479 1243 632 1314 vicissim
656 1248 758 1315 daret
788 1245 866 1318 Diis
893 1273 1062 1316 coenam:
1115 1256 1151 1312 et
1183 1244 1335 1336 adspicit
1369 1247 1608 1316 celebritatem
1635 1244 1910 1337 Olympicorum
1945 1242 2108 1314 certami-

64 1328 377 1447 ,tunolfleptunum
394 1342 561 1442 (Anni.)
577 1348 753 1418 desiderio
771 1349 824 1419 tui
839 1350 1063 1441 flagrantem,
1113 1370 1223 1430 ¹¹um,
1248 1347 1313 1416 ubi
1326 1350 1493 1421 velocitas
1510 1351 1644 1438 pedum
1658 1358 1792 1429 certat,
1820 1359 1856 1419 et
1867 1347 1981 1437 ¹uigor
2000 1347 2108 1417 roho·

68 1452 126 1518 aio
145 1463 179 1519 te
194 1448 353 1538 rapuisse
369 1448 530 1518 inaurea
547 1472 674 1534 curru,
706 1453 752 1519 ad
774 1477 952 1523 summam
969 1450 1063 1525 lovis
1113 1448 1175 1520 ris·
1226 1448 1350 1519 Victor
1365 1466 1485 1524 auteur
1503 1451 1680 1542 postea-in
1696 1449 1830 1519 mellita
1848 1449 2107 1543 tranquillitate

66 1553 236 1632 domum,
264 1574 336 1642 quo
354 1562 388 1618 et
409 1564 532 1643 postea
549 1551 776 1645 Ganymedes
801 1555 899 1624 venit
914 1552 990 1624 lovi
1016 1557 1063 1624 ad
1103 1551 1224 1633 ·vivit,
1255 1552 1356 1645 (aar.
1373 1553 1426 1650 4.)
1454 1551 1797 1646 propter·=victoriae
1819 1552 1991 1643 praemia.
2049 1550 2107 1621 Sic

61 1630 161 1757 iile'rh
175 1650 426 1735 ministerium.
479 1653 676 1748 Postquam
702 1680 789 1725 vero
814 1680 889 1726 non
916 1681 1062 1749 conspe·
1113 1677 1254 1744 semper
1268 1654 1306 1723 id
1320 1657 1457 1728 bonum
1473 1681 1653 1728 summum
1669 1653 1819 1737 dicitur,
1845 1656 1943 1749 quod
1963 1654 2026 1722 illo
2049 1653 2107 1723 die

62 1750 227 1855 'ct‘ird'dsss'
243 1764 307 1831 uec
325 1756 426 1833 te‘hd
440 1768 591 1825 matrem
609 1760 827 1829 reduxerunt
846 1759 917 1842 illi,
942 1756 1061 1853 quite
1113 1756 1306 1847 contingit,
1353 1784 1425 1852 quo
1453 1763 1608 1830 fructum
1639 1757 1855 1849 percipimus
1882 1756 2108 1848 superiorum

64 1850 342 1957 quaesiverunt,
363 1854 453 1926 dixit
468 1857 597 1953 aliquis
610 1859 701 1930 clam
718 1886 761 1932 ex
778 1861 908 1933 invidis
923 1861 1062 1946 vicinis,
1113 1857 1292 1931 laborum.
1522 1872 1525 1877 ’
1590 1919 1593 1925 .
1977 1918 1980 1923 .

63 1950 520 2059 thdjr'll'h'qlr'a'l‘ervepte
545 1963 664 2050 gladio
690 1965 850 2034 membra
878 1965 1061 2036 dissecuis·
1215 1961 1275 2031 Me
1308 1987 1393 2032 vero
1429 1987 1603 2033 coronare
1636 1964 1808 2033 victorem
1842 1962 1999 2056 equestri
2031 1963 2107 2053 lege

59 2046 222 2161 blut-{lbi
239 2058 424 2153 irljrn'ensis
442 2064 598 2134 minutas
615 2090 738 2139 carnes
760 2080 839 2139 tuas
862 2068 1062 2141 distribuis·
1111 2063 1261 2134 Aeolico
1287 2065 1445 2134 carmine
1469 2079 1624 2156 oportet.
1684 2067 1834 2138 Confido
1851 2065 1969 2149 enim,
1994 2065 2107 2136 nemi·

59 2154 199 2263 'ie'rl'l¹llt
214 2160 460 2253 tbmedissent.
1112 2190 1195 2235 nem
1217 2192 1322 2259 posse
1346 2192 1405 2237 me
1427 2167 1576 2238 laudare
1600 2169 1710 2240 alium
1736 2168 1851 2260 magis
1877 2170 2106 2239 excellentem

58 2256 95 2369 ’ζ’
126 2234 247 2362 ’ω
263 2267 317 2362 2.)
335 2263 538 2353 ’Μῐὴίνετο
554 2267 749 2339 absurdum
767 2283 837 2354 est,
863 2272 981 2342 dicere
997 2271 1061 2340 ali·
1112 2269 1259 2340 scientia
1289 2266 1520 2341 honestarum
1548 2296 1672 2342 rerum
1707 2285 1743 2342 et
1771 2270 1933 2364 potentia
1967 2295 2106 2356 eorum,

56 2358 170 2541 {qphltl
185 2362 348 2439 Deorum
365 2392 439 2438 esse
455 2363 665 2453 helnonem,
699 2372 783 2466 quia
807 2370 978 2443 damnum
1003 2397 1061 2442 co·
1113 2372 1175 2462 qui
1192 2387 1405 2455 nuncsunt,
1431 2398 1538 2465 quam
1555 2374 1763 2444 Hieronem.
1828 2390 1831 2395 ’

89 2462 214 2540 'ibatur
231 2462 356 2537 c'r'ebro
374 2468 579 2540 maledicos.
632 2472 669 2541 Si
683 2498 789 2566 quem
806 2470 1060 2545 hominemDii
1214 2472 1461 2557 Deuscustos,
1488 2499 1703 2546 conservans
1727 2489 1827 2546 tuam
1849 2475 2022 2566 gloriam,
2046 2500 2105 2546 cu-

62 2552 355 2652 honorademm,
376 2570 447 2639 'luit
462 2566 717 2647 hic'l'antalus.
753 2575 821 2645 Sed
838 2601 1060 2673 concoquere
1111 2584 1170 2643 rat
1185 2586 1264 2645 tuas
1277 2575 1546 2647 sollicitudines.
1598 2578 1666 2646 llic
1681 2578 1712 2647 si
1725 2602 1784 2647 me
1805 2600 1880 2647 nou
1905 2577 1976 2647 oito
2000 2577 2109 2649 desti.

61 2696 232 2765 maguam
259 2671 463 2741 felicitatem
487 2697 563 2742 non
587 2677 717 2767 potuit.
783 2679 976 2751 Saturitate
1003 2704 1060 2749 ac·
1112 2688 1208 2762 tues,
1233 2701 1340 2770 spero
1354 2703 1411 2748 me
1432 2679 1588 2748 dulciori
1608 2678 1688 2772 (lr'p.
1705 2677 1759 2775 4.)
1780 2677 1939 2747 carmine
1960 2692 1995 2748 te
2018 2679 2107 2747 cele·

63 2777 159 2869 cepit
175 2797 348 2865 magnum
372 2778 565 2860 damnum,
596 2788 637 2847 ut
658 2777 793 2871 lupiter
815 2783 848 2850 ei
870 2807 978 2875 supra
1004 2807 1060 2852 ca·
1111 2781 1300 2850 braturum
1318 2805 1413 2863 esse,
1440 2806 1520 2851 cum
1544 2781 1595 2851 in
1609 2805 1718 2853 mrru
1740 2779 1847 2851 celeri
1871 2782 2036 2850 accedam
2061 2779 2107 2848 ad

25 2900 29 2907 ’
63 2890 130 2971 put
144 2877 369 2977 suspenderit
391 2878 567 2968 lapidem,
601 2905 708 2976 quem
734 2907 875 2976 semper
901 2886 1060 2975 cogitans
1111 2878 1206 2953 lovis
1222 2886 1414 2977 templum,
1441 2884 1585 2954 inventa
1605 2885 1769 2955 materia.
1820 2879 1913 2952 Mihi
1930 2883 2033 2954 Musa
2056 2897 2107 2951 te-

63 2980 292 3069 delapsurum
328 3003 403 3049 esse
435 2981 474 3047 in
506 2994 633 3072 caput,
683 2985 827 3055 aberrat
857 3012 876 3056 a
912 2988 1060 3068 laetitia.
1112 2985 1187 3054 lum
1203 2986 1638 3079 praebetvalidissimnm.
1689 2987 1763 3057 Alii
1780 2986 1859 3056 aliis
1875 2986 1982 3056 rebus
1997 2985 2108 3055 excal-

55 3079 221 3176 aava)
235 3078 357 3167 ‘lla'bet
373 3094 492 3173 autem
507 3085 675 3154 miseram
690 3087 801 3157 vitam
818 3102 854 3158 et
870 3112 1061 3159 aerumno-
1112 3088 1203 3158 lunt.
1254 3089 1442 3160 Summum
1459 3114 1545 3158 vero
1560 3091 1668 3161 decus
1683 3101 1735 3160 est
1760 3111 1897 3178 regum.
1956 3087 2011 3158 Ne
2031 3111 2108 3157 ma·

59 3186 273 3283 'tammum
294 3182 602 3279 tribits'quartum
625 3189 805 3259 laborem:
843 3214 922 3260 cum
938 3189 1061 3263 lxioue
1113 3190 1189 3259 iora
1220 3205 1380 3283 appetas.
1432 3191 1628 3282 Contingat
1650 3191 1718 3260 tibi
1739 3190 1873 3259 intuta
1899 3188 1977 3257 vita·
1996 3192 2107 3259 excel-

53 3284 390 3389 adpetendae-,1
421 3310 501 3357 cum
526 3289 655 3383 Tityo,
693 3293 755 3388 qui
779 3294 922 3363 roditur
943 3319 962 3362 a
983 3295 1062 3364 vul·
1112 3291 1203 3373 lere3
1228 3289 1319 3362 mihi
1335 3317 1443 3376 vero,
1465 3293 1680 3362 familiarem
1698 3315 1771 3363 esse
1785 3289 1998 3373 victoribus,
2024 3314 2107 3360 con·

57 3376 192 3483 'luretfl'
248 3472 267 3485 ..
303 3389 441 3483 lnrlttus
450 3392 554 3479 'dedit
574 3395 783 3486 aequalibus
806 3396 878 3467 suis
901 3398 1062 3467 convivis
1112 3395 1236 3486 spicuo
1252 3421 1317 3487 per
1332 3397 1522 3467 Graeciam
1537 3409 1688 3488 propter
1704 3393 1928 3487 sapientiam.

52 3474 192 3595 archelai*
218 3502 266 3560 eti
282 3492 521 3577 ambratiam,
560 3497 752 3590 inquibus
777 3499 884 3570 rebus
908 3498 969 3567 Dii
995 3500 1061 3570 im-

53 3570 323 3681 mortalitatem
334 3602 562 3687 phimum.-
733 3636 736 3643 ·
1525 3592 1617 3678 0th
1638 3594 1693 3677 ΙΙ,

102 3726 107 3735 ·
170 3695 206 3764 Si
223 3694 452 3789 quictamus
469 3700 601 3784 scelus,
625 3715 729 3793 putat
748 3703 784 3772 id
803 3702 921 3774 Deum
939 3703 1062 3787 latere,

66 3806 175 3869 errat.
226 3795 315 3864 ldeo¹
326 3782 389 3864 bii
405 3802 621 3872 remiserunt
635 3804 806 3897 Pelopem
825 3809 870 3875 ad
885 3803 1063 3890 homines,

68 3894 205 3968 cuffid
232 3884 420 3967 flaianum
445 3892 617 3986 aetatem,
652 3929 732 3975 cum
757 3908 889 3999 lanugo
918 3909 1062 4000 nigrum
1216 3897 1310 3992 (Str.
1328 3897 1378 3995 1.)
1405 3896 1542 3989 Hymni
1557 3892 1798 3987 regnantesin
1818 3887 1974 3974 cithara,
1999 3915 2105 3985 quem

66 4002 100 4072 ei
126 4007 290 4069 mentum
317 4004 535 4089 coronabat,
574 4007 714 4075 curavit
738 4023 881 4099 paratas
908 4012 1064 4102 nuptias,
1116 3997 1266 4069 heroum
1293 4010 1356 4069 flul
1378 4024 1486 4092 quem
1509 3998 1627 4068 virum
1650 3992 1973 4086 interrosssblmffl?
2024 3993 2108 4064 Ph&

67 4104 170 4195 (Aac.
199 4101 341 4196 5·)²''tll·
377 4098 525 4174 bahetet
565 4107 735 4202 inclytam
771 4109 1065 4203 llippodamiam,
1116 4097 1388 4195 quidemlovis3
1415 4101 1645 4194 Olympicum
1659 4124 1745 4170 vero
1761 4111 1941 4168 certamen
1956 4095 2109 4167 instituit

65 4206 178 4301 liliam
198 4196 397 4289 Oenomai,
421 4209 519 4299 regis·
530 4208 646 4281 Pisae.
698 4210 817 4283 Noctu
833 4227 952 4282 autem
970 4213 1065 4284 solus
1117 4203 1304 4285 Herculffl,
1329 4202 1717 4292 Pflffllll³⁸⁵P⁰li⁰fflffl
1740 4200 1836 4271 belli·
1887 4199 1956 4271 sed
1970 4194 2108 4271 Theffl·

69 4309 117 4378 ad
130 4310 436 4392 mareaceedens,
463 4310 615 4382 vocabat
633 4313 862 4406 Neptunum,
897 4318 959 4411 qui
983 4341 1067 4384 mox
1118 4331 1200 4375 uem
1217 4305 1356 4377 sonabo
1371 4316 1519 4395 propter
1543 4304 1729 4374 victoriam
1754 4324 1944 4384 curruum,
1975 4301 2108 4381 iustum

70 4409 253 4504 apparuit¹
267 4411 311 4482 ei.
379 4410 481 4483 Dixit
510 4429 628 4485 autem
653 4416 803 4509 Pelops:
847 4419 885 4489 st
909 4419 974 4488 tibi
997 4414 1067 4488 hoc
1118 4407 1316 4500 hsstpllenb
1341 4430 1486 4477 murum
1507 4405 1711 4496 Agrlssesslls
1743 4401 1920 4473 ¹¹⁰bffi¹¹m
1943 4404 2111 4495 Pfflssffll·

70 4511 278 4604 coniugium
313 4512 458 4604 placet,
505 4516 681 4609 impedias
714 4516 852 4592 hastam
887 4520 1068 4592 Oenomai
1120 4525 1239 4583 torum
1263 4512 1410 4593 florem,
1449 4520 1624 4579 rectorem
1649 4507 1809 4578 urbium:
1852 4501 1952 4598 (alat.
1971 4507 2022 4603 1.)
2048 4503 2111 4600 qui

70 4638 240 4699 aeneam,
264 4638 395 4709 meque
411 4616 449 4685 in
464 4640 572 4690 curru
593 4622 780 4694 celerrimo
802 4626 911 4694 ducas
936 4626 981 4694 ad
998 4622 1067 4693 fle.
1120 4615 1367 4708 progenitores
1382 4612 1567 4700 defatigati
1581 4623 1803 4703 occuparunt
1815 4631 1953 4688 sacram
1972 4610 2110 4690 urbem,

68 4718 189 4803 lideu,
221 4728 257 4787 et
280 4712 370 4786 mihi
391 4720 476 4788 dato
498 4722 706 4809 victoriam,
740 4740 931 4823 postquam
953 4729 1068 4796 erede.
1120 4720 1250 4790 dictam
1278 4717 1433 4787 alluvio
1453 4716 1666 4805 Acragante.
1731 4712 1779 4782 Et
1801 4711 1948 4781 luerunt
1969 4710 2109 4783 Siciliae

72 4822 142 4890 cim
169 4819 289 4914 procis
319 4820 533 4907 interiectis,
573 4827 694 4897 differt
722 4831 877 4922 nuptias.
911 4827 992 4927 (5)).
1015 4828 1068 4926 a.)
1092 4890 1095 4917 Ι
1121 4824 1261 4905 oculus,
1287 4845 1378 4916 quos
1393 4823 1575 4889 fortunata
1592 4830 1689 4888 aetas
1711 4815 1872 4896 ornavit,
1906 4815 1997 4884 dans
2020 4812 2110 4884 divi-

71 4921 146 4995 Res
160 4924 359 5018 periculosa
376 4927 534 5016 postulat
550 4928 666 5000 virum
684 4956 759 5001 non
776 4934 956 5003 timidum.
1093 4926 1097 5021 j
1120 4927 1188 4998 tias
1204 4938 1240 4994 et
1254 4927 1414 4994 favorem
1432 4946 1511 4991 cum
1529 4921 1649 4989 nativa
1668 4918 1810 4989 virtute.

176 5026 267 5097 Cum
294 5037 413 5098 autem
439 5029 601 5124 alioquin
626 5057 766 5106 necesse
789 5037 835 5107 sit
857 5035 971 5118 mori,
1006 5056 1069 5104 cur
1222 5026 1430 5118 Olupiter,
1467 5022 1529 5117 qui
1552 5023 1711 5115 possides
1730 5018 1880 5112 Olympi
1900 5018 2042 5100 sedem,
2076 5025 2113 5083 et

73 5127 206 5220 aliquis
219 5130 343 5200 sedens
359 5131 396 5199 in
412 5133 588 5217 tenebris,
619 5137 768 5208 obscura
790 5152 929 5210 senecta
953 5162 1069 5205 mace·
1092 5178 1097 5299 Ι
1121 5131 1357 5203 certaminum
1388 5126 1575 5210 verticem,
1615 5138 1651 5196 et
1680 5125 1815 5195 flumen
1837 5115 2037 5213 Alpheum,
2076 5128 2113 5185 et

74 5269 281 5284 ·-—-——---
1092 5302 1096 5335 1
1120 5235 1306 5305 delectaris
1339 5229 1576 5311 carminibus,
1621 5229 1773 5317 benigue
1802 5223 1957 5315 patriam
1987 5229 2110 5291 curato

46 5330 49 5337 '
111 5326 144 5386 2]
162 5327 268 5388 Minor]
286 5330 327 5380 sto
343 5306 482 5386 mittet.
509 5340 537 5388 et
556 5336 683 5388 noceam
708 5326 924 5401 interpretatio,
953 5347 1024 5403 quae
1041 5335 1069 5387 tn
1112 5339 1201 5431 (gp,
1224 5335 1453 5433 1‚)P0510tig,
1504 5331 1606 5422 Quae
1621 5354 1707 5400 vero
1722 5330 1813 5397 facta
1831 5337 1915 5397 sunt
1936 5346 1999 5394 seu
2021 5322 2111 5390 iuste

143 5396 629 5532 ssfflf'lffflffilffiffm·
644 5407 677 5515 ¹¹?
695 5408 780 5456 Μ’
792 5407 824 5456 ¹¹'
849 5422 875 5470 ¹²⁴
886 5406 922 5458 ²⁹
934 5418 994 5469 Μ’
1019 5418 1069 5455 ‘¹‘
1119 5464 1183 5510 seu
1199 5441 1341 5521 iniuste,
1367 5434 1454 5508 haec
1468 5447 1620 5525 tempus,
1635 5429 1797 5501 omnium
1812 5439 1925 5518 pater,
1940 5446 2015 5495 uon
2030 5443 2111 5512 pus·

76 5550 260 5615 namara.
274 5548 390 5615 'Oeen
415 5553 500 5617 Vos..
521 5554 602 5618 xlx
765 5568 780 5593 =
1557 5534 1603 5604 15

605 5601 612 5615 θ

629 5618 643 5633 Ι

1303 3745 1497 3814 Tberom’
1519 3747 1745 3837 Agrigentino
1774 3737 1925 3838 ἅρματι.
