4784 6256
136 315 211 395 427
567 403 568 406 Ν
717 301 840 376 run.
875 301 990 376 unu.
1019 299 1223 375 scurra
1254 296 1594 374 ruuooomca.
1673 334 1676 338 -
2099 308 2176 391 us

136 481 325 582 ponticum
360 477 416 547 vel
442 470 703 548 rhabarbarum
733 498 915 544 vocamus.
990 469 1033 542 ld
1064 467 1124 541 hic
1175 472 1260 543 lixo.
1312 469 1360 540 Et
1374 469 1465 542 sicut
1479 493 1563 561 apes
1579 465 1695 540 halitu
1712 484 1748 540 et
1759 470 1920 543 mirabili
1938 475 2097 550 stridore
2118 483 2175 552 ri·

136 585 316 666 nascitur,
357 579 447 652 sicut
470 601 536 670 ego
557 574 701 668 Lipsiae
728 576 815 648 vidi.
882 574 1123 646 Centaureum
1176 575 1416 644 vilicantsuos
1433 573 1568 663 pullos:
1595 571 1645 641 ita
1661 570 1817 645 Ecclesia
1835 577 1962 648 crescit
1983 582 2109 654 sonitu
2136 598 2175 657 et

136 691 259 762 minus
272 694 422 753 vocatur
435 679 648 751 Germanice
666 680 951 770 tausentgulden.
1001 674 1049 745 Et
1071 673 1125 744 di·
1175 677 1299 746 verbo.
1351 674 1480 744 Postea
1496 699 1539 743 ex
1555 674 1655 767 equis
1670 689 1868 747 nascuntur
1893 680 2108 771 crabrones,
2136 688 2178 759 id

59 843 68 859 „
136 794 232 865 citur
252 796 481 856 centaureum
505 782 609 864 iude,
643 783 741 876 quod
767 781 843 852 eius
866 802 1017 870 magnus
1040 802 1125 859 usus
1177 790 1250 861 est,
1276 801 1320 847 ex
1335 772 1479 846 heroica
1496 775 1683 846 nobilitate
1697 778 1798 849 venit
1814 780 1970 871 degener
1986 786 2209 876 nobilitas,¹

58 868 60 879 Ι
137 905 191 966 εει
213 890 251 958 ἰιι
274 884 441 955 curandis
463 885 683 956 vulneribus.
737 882 979 953 Centaureum
1005 878 1125 950 minus
1176 882 1215 948 iu
1229 900 1299 974 qua
1316 902 1392 947 non
1406 891 1459 948 εει
1473 878 1587 949 virtus
1610 877 1671 946 illa
1695 880 1896 964 maiorum,
1929 884 2022 956 sicut
2042 889 2176 965 ridetis
2210 872 2213 879 Ι

136 997 244 1067 etiam
267 982 488 1059 Chironeum
521 1000 692 1068 vocatur,
735 985 820 1080 quia
850 984 974 1054 dicunt
996 977 1125 1052 Chiro-
1176 1005 1219 1051 ex
1250 980 1562 1073 praestantissimis
1583 980 1805 1073 principibus
1826 996 1933 1055 natos
1953 1011 2030 1058 esse
2053 986 2174 1063 homi·

45 1144 49 1153 ,
134 1117 239 1174 nem,
271 1100 540 1182 praeceptorem
561 1084 732 1170 Achillis,
771 1099 962 1157 centaurea
984 1106 1124 1155 curasse
1175 1108 1239 1154 nes
1255 1082 1515 1174 ignavissimos.
1565 1078 1621 1149 llli
1636 1086 1827 1156 crabrones
1844 1098 1929 1165 sunt
1939 1086 2081 1161 inimici
2094 1095 2174 1187 api·

134 1219 199 1272 sua
224 1193 386 1261 vulnera.
455 1189 650 1282 Utriusque
682 1189 863 1260 centaurei
892 1200 944 1258 est
973 1193 1126 1276 magnus
1176 1187 1260 1269 hus,
1287 1184 1372 1279 quia
1381 1183 1536 1256 Ecclesia
1551 1178 1660 1254 hahet
1673 1186 1833 1278 duplices
1848 1183 1988 1275 hostes,
2016 1191 2172 1268 Centau·

134 1321 221 1372 usus
234 1294 274 1363 in
287 1291 507 1384 glutinaqlis
519 1291 740 1360 vulneribus.
809 1291 999 1360 Praeterea
1020 1289 1059 1357 in
1074 1288 1125 1358 fe·
1176 1311 1236 1358 ros
1258 1300 1294 1356 et
1318 1281 1536 1379 hypocritas.
1604 1285 1776 1358 Centauri
1798 1304 1883 1361 sunt
1906 1297 2074 1384 tyranni,
2106 1299 2174 1394 qui

134 1402 259 1474 hribus
276 1378 562 1464 maximam'vim
577 1387 723 1462 habent.
1176 1388 1364 1459 manifesta
1385 1388 1423 1457 vi
1442 1401 1672 1480 oppugnant,
1703 1403 1744 1460 ut
1763 1389 1884 1477 Nero,
1917 1406 1984 1466 etc.
2044 1396 2172 1492 Hypo-

236 1496 299 1569 Vs.
323 1495 412 1570 271.
450 1496 597 1588 mtto]
629 1493 756 1566 Nullus
778 1505 831 1565 est
853 1499 1024 1584 scriptor,
1061 1490 1125 1584 qui
1176 1486 1565 1562 critaesuntmonachi
1582 1503 1618 1559 et
1635 1491 1787 1576 similes,
1822 1497 1887 1588 qui
1908 1510 2034 1567 serunt
2055 1500 2171 1592 impia

134 1604 244 1677 iaciat
266 1598 490 1668 mentionem
512 1592 620 1667 huius
639 1595 740 1666 floris
763 1609 909 1687 excepto
925 1593 1123 1701 Columella
1176 1596 1366 1690 dogmata,
1390 1603 1426 1661 et
1440 1591 1640 1663 adsciscunt
1653 1593 1723 1664 sibi
1738 1589 1946 1682 cohortem,
1971 1612 2013 1670 ut
2028 1603 2170 1692 possint

135 1720 170 1779 et
182 1699 350 1792 Virgilio.
403 1698 618 1769 Hermolaus
633 1697 817 1768 Barbarus
831 1710 935 1789 putat
947 1718 1022 1767 esse
1044 1718 1131 1787 spe··
1175 1695 1383 1766 tuerisuam
1399 1694 1642 1785 impietatem,
1672 1696 1756 1790 quia
1772 1693 1879 1771 ludas
1898 1725 2039 1792 semper
2059 1699 2171 1776 habet

136 1810 225 1880 ciem
242 1800 563 1893 camamyllorum,
589 1823 682 1894 quae
702 1810 843 1869 vocant.
1175 1821 1277 1869 suam
1294 1792 1491 1867 cohortem.
1542 1796 1642 1867 Talis
1658 1795 1787 1885 cohors
1808 1814 1861 1871 est
1884 1803 2039 1892 degener
2059 1806 2170 1876 nobi-

237 1903 299 1975 Vs.
316 1898 404 1977 275.
433 1896 565 2001 V'solae]
592 1901 629 1970 id
645 1913 716 1985 est,
741 1900 826 1970 solia
844 1900 1032 1970 imitantur
1045 1898 1123 1969 vio-
1175 1900 1268 1972 litas.
1306 1897 1361 1969 Ex
1376 1898 1484 1969 asinis
1498 1911 1693 1970 nascuntur
1708 1902 1878 1986 scarabei,
1904 1903 1955 1971 illi
1969 1904 2038 1994 ipsi
2052 1906 2167 1998 sigui-

136 2014 208 2097 las,
234 2028 328 2100 quae
346 2014 431 2075 sunt
444 2024 661 2095 purpureae.
791 2057 793 2061 v
1175 2003 1283 2073 deant
1297 1996 1502 2094 hypocritas
1518 2014 1554 2071 et
1576 1999 1783 2077 monachos.
1831 2001 1879 2073 Et
1898 2005 2022 2075 dicunt
2040 2030 2165 2077 scara·

237 2106 299 2178 Vs.
316 2105 404 2180 276.
434 2098 638 2203 Torqrtflas]
663 2105 789 2187 idest,
815 2102 970 2174 coronis.
1174 2105 1283 2175 heum
1308 2127 1382 2174 esse
1408 2125 1550 2195 pugnax
1577 2104 1732 2186 animal,
1770 2118 1949 2176 armatum
1979 2109 2167 2194 cornibus,

236 2207 299 2279 Vs.
314 2207 403 2283 277.
429 2210 543 2296 Asper
555 2210 596 2279 irs
614 2230 673 2278 ore
692 2207 810 2298 sapor]
836 2204 929 2276 Octo
955 2214 1039 2276 sunt
1061 2226 1124 2295 ap-
1175 2206 1303 2289 idest,
1327 2229 1372 2275 ex
1386 2201 1582 2329 hypocritis
1598 2206 1696 2277 venit
1709 2207 1804 2278 istud
1817 2233 1927 2301 genus
1947 2210 2167 2301 persecutio-

136 2313 349 2410 pellationes
383 2330 583 2399 saporum,
631 2332 723 2403 quae
758 2318 842 2378 sunt
872 2309 1056 2397 regulares
1089 2316 1125 2374 et
1174 2333 1283 2391 num,
1309 2309 1542 2402 quodtnnlto
1564 2309 1678 2400 magis
1705 2323 1811 2379 nocet
1825 2310 2022 2396 Ecclesiae,
2053 2336 2166 2406 quam

134 2415 359 2512 praecipuae.
414 2411 448 2480 1.
474 2408 618 2495 Dulcis,
644 2411 780 2482 Graece
798 2405 955 2508 γλυκὺς,
978 2421 1020 2479 ut
1041 2407 1124 2490 mel,
1176 2409 1359 2483 Centauri.
1410 2409 1622 2481 Exmortuo
1639 2407 1783 2482 Christo
1799 2415 1992 2485 evolarunt
2006 2414 2164 2508 ingentia

134 2521 273 2589 vinum.
337 2518 374 2588 2.
399 2512 567 2602 Pinguis,
602 2512 711 2605 vulgo
733 2524 949 2596 unctuosus,
987 2510 1123 2581 Graece
1176 2515 1319 2607 agmina
1338 2537 1468 2606 apum,
1494 2513 1532 2582 id
1556 2526 1628 2597 est,
1653 2513 1889 2606 Evangelium
1907 2513 2042 2588 Christi
2062 2539 2166 2610 spar-

135 2613 306 2717 λυπρὸς,
338 2625 380 2686 ut
402 2615 541 2699 oleum,
566 2617 750 2709 butyrum.
802 2614 839 2684 8.
864 2612 1039 2695 Amaras,
1064 2636 1124 2684 πι-
1176 2640 1256 2689 ειιιιι
1273 2627 1326 2687 εει
1341 2639 1407 2707 per
1423 2628 1538 2686 totum
1556 2617 1679 2687 orbem
1696 2629 1887 2692 terrarum.

133 2717 243 2820 apic,
268 2716 470 2813 contrarius
484 2717 600 2802 dulci,
623 2731 665 2789 ιιι
679 2717 745 2801 sel,
769 2715 919 2787 nitrum.
960 2713 997 2786 4.
1018 2715 1124 2796 Acer,
1276 2717 1337 2790 Vs.
1352 2718 1443 2793 288.
1475 2722 1622 2791 Arcadii
1643 2723 1816 2813 magistri]
1842 2722 1880 2791 id
1902 2733 1973 2805 est,
1998 2718 2168 2793 Aristaei.

135 2815 271 2895 Graece
287 2814 442 2914 dprprrlc,
468 2830 509 2890 ut
523 2819 647 2913 piper,
674 2818 841 2890 zinziber.
892 2814 930 2888 5.
953 2815 1124 2898 Acerbus,
1174 2820 1261 2891 Fuit
1275 2818 1383 2891 etiam
1398 2845 1491 2891 unus
1505 2845 1549 2891 ex
1562 2822 1873 2912 praestantissimis
1887 2823 2037 2892 ducibus
2052 2823 2171 2893 Grae-

137 2925 245 3016 vulgo
259 2922 443 3007 Ponticus,
469 2922 555 2991 item
572 2922 746 3015 stipticus,
771 2921 909 2992 Graece
925 2915 1125 3016 στρυφνὸς,
1176 2922 1273 3007 εἰεε,
1299 2948 1406 3018 quem
1424 2925 1549 2994 dicunt
1562 2923 1736 2993 invenisse
1752 2924 1871 2995 mella.
1919 2921 2005 2993 Fuit
2027 2922 2169 3016 aliquis

136 3041 178 3099 ut
196 3024 310 3119 acatia
325 3026 455 3106 sorba,
479 3024 518 3092 id
533 3036 607 3106 est,
632 3047 740 3115 poma
763 3022 978 3106 immatura,
1003 3044 1123 3096 nucea·
1176 3025 1324 3096 celebris
1341 3027 1524 3119 princeps,
1548 3026 1611 3117 qui
1627 3047 1684 3095 res
1699 3046 1847 3113 magnas
1862 3023 1987 3116 gessit,
2012 3023 2170 3112 iuitsa·

135 3130 175 3201 d.
200 3124 353 3207 Aridus,
379 3125 516 3196 Graece
533 3119 638 3215 ὀξὺς,
662 3125 770 3215 vulgo
787 3135 967 3207 acetosus,
994 3135 1125 3193 utace-
1175 3130 1280 3221 piens
1295 3129 1527 3220 gubernator.

136 3243 216 3299 tosa
232 3220 356 3296 herba.
409 3226 444 3297 7.
468 3226 662 3308 Austerus,
687 3225 825 3296 Graece
843 3219 1048 3319 αὐστηρὸς,
1072 3235 1125 3294 εει
1277 3230 1338 3327 Vp,
1353 3229 1442 3306 285,
1471 3229 1616 3322 merit]
1642 3228 1766 3312 idest,
1790 3226 2036 3320 progenuerit.

139 3329 279 3400 vicinus
295 3324 445 3409 acerbo,
470 3326 707 3422 utsnnt‘vina
725 3337 877 3397 austera.
930 3326 968 3395 8.
993 3324 1125 3409 Salsus,
1263 3328 1341 3413 Vs.
1354 3334 1444 3409 287.
1484 3337 1576 3405 Nam
1599 3326 1687 3428 qus]
1718 3330 1756 3399 id
1790 3344 1860 3415 est,
1897 3326 1968 3401 hoc
2000 3328 2094 3402 solet
2124 3327 2165 3396 in

136 3423 304 3524 ἆλμυρὲε
317 3428 473 3510 Graece,
500 3440 567 3500 eit·
650 3478 659 3482 -
726 3482 729 3487 ι
861 3506 866 3516 ,
1176 3434 1339 3528 Aegypto
1369 3435 1459 3506 lieri.
1586 3435 1730 3526 Canopi}
1764 3432 1898 3505 Civitas
1923 3434 1962 3502 in
1988 3429 2166 3523 Aegypto.

236 3530 402 3606 vesta.
427 3525 634 3628 Mensem]
655 3528 690 3598 id
707 3540 780 3611 est,
805 3526 936 3598 Gallici
954 3526 1125 3601 fluminis·
1176 3534 1365 3636 Pellei¹⁰)]
1393 3538 1518 3620 idest,
1543 3535 1798 3620 Alexandrini,
1830 3537 1887 3605 vel
1910 3535 2029 3626 potius
2044 3533 2164 3602 Maee-

235 3633 298 3705 Vs.
313 3634 401 3710 281.
426 3638 498 3707 Sed
514 3634 673 3730 atquem]
692 3631 747 3700 De
761 3629 986 3701 tetlilulione
1003 3654 1125 3722 apum,
1176 3640 1318 3725 donini,
1344 3640 1405 3710 uhi
1420 3629 1660 3730 regnaverunt
1675 3638 1898 3707 Macedonici
1916 3661 2011 3728 reges
2025 3633 2095 3703 orti
2115 3657 2160 3701 ex

133 3739 281 3833 quando
300 3738 443 3831 penitus
456 3737 631 3806 extinctae
645 3745 741 3804 sunt.
800 3729 919 3801 Etiam
942 3733 981 3802 in
1003 3733 1124 3824 parvis
1176 3741 1297 3825 Pella,
1321 3742 1456 3833 oppido
1471 3738 1717 3812 Macedoniae.
1769 3737 1844 3811 lllic
1866 3761 2005 3834 quoque
2029 3756 2160 3824 regna·

134 3831 240 3913 rebus
265 3840 441 3910 mirabilis
460 3835 686 3929 providentia
708 3832 778 3903 Dei
804 3834 1042 3925 conspicitur,
1083 3847 1126 3905 ut
1159 3842 1485 3927 ·vitPtolemaeus,
1511 3845 1576 3913 der
1592 3845 1651 3913 ein
1666 3838 1969 3935 bastartPhilippi
1983 3839 2028 3909 ist
2040 3859 2163 3928 gowe-

135 3943 397 4011 admoneamur
424 3934 519 4006 hanc
550 3948 718 4006 naturam
749 3959 825 4017 non
848 3936 1002 4009 extitisse
1029 3960 1124 4011 casu.
1175 3968 1251 4015 sen.
1299 3944 1465 4036 Regnum
1480 3946 1653 4038 Aegypti,
1687 3946 1733 4016 ist
1757 3945 1814 4015 die
1841 3957 1920 4038 zeyt
1941 3947 2005 4013 das
2027 3939 2165 4030 gewal-

133 4041 193 4112 sic
208 4042 385 4135 quaedam
402 4038 616 4108 animalcula
632 4051 828 4110 nascuntur
852 4037 1010 4111 mirabili
1035 4064 1125 4135 quo-
1175 4046 1279 4136 tigest
1307 4071 1458 4140 reguum
1487 4072 1654 4141 gewesen
1685 4049 1801 4119 neben
1825 4050 1904 4143 „den
1927 4037 2160 4124 Monarchiis,

133 4144 220 4212 darn
237 4143 367 4224 modo,
392 4153 434 4243 ut
455 4163 539 4230 apes
563 4164 606 4209 ex
630 4165 713 4210 rore
738 4139 909 4226 collecto,
942 4144 1000 4212 cui
1024 4143 1123 4235 incu-
1175 4146 1386 4222 sicuthodie
1407 4176 1556 4244 regnum
1575 4151 1726 4222 Galliae.

19 4282 29 4299 ..
133 4247 224 4314 bant
256 4244 296 4311 in
327 4242 400 4314 suis
434 4237 682 4328 domunculis,
726 4244 817 4315 sicut
846 4243 999 4334 gallinae
1034 4245 1122 4315 ovis.
1277 4253 1338 4327 Vs.
1354 4253 1442 4329 289.
1477 4249 1712 4350 Phaselis¹⁹)]
1748 4252 1880 4336 idest,
1912 4249 2081 4321 lintribus
2103 4247 2164 4318 vel

133 4343 220 4415 lude
251 4345 411 4417 nascitur
438 4345 596 4436 primum
626 4345 772 4442 quidam
801 4347 1036 4430 vermiculus,
1080 4370 1123 4416 ex
1175 4356 1321 4446 cymbis.
1398 4359 1473 4428 Suo
1492 4357 1595 4446 rura]
1623 4355 1717 4446 Quia
1734 4356 1773 4423 in
1785 4357 1949 4448 Aegypto
1966 4378 2040 4422 non
2057 4352 2163 4445 pluit,

133 4471 207 4543 quo
225 4461 347 4539 postea
362 4450 402 4517 fu
417 4448 506 4540 apis.
563 4446 633 4519 lsta
657 4460 709 4518 est
731 4448 914 4519 ordinaria
937 4448 1121 4540 generatio
1173 4455 1264 4525 sicut
1277 4458 1315 4525 in
1324 4455 1610 4526 Deuteronomio
1628 4458 1734 4527 ctiam
1753 4458 1964 4540 ostenditur,
1987 4457 2050 4527 sed
2058 4454 2162 4528 Nilus

133 4573 256 4641 apum·
307 4547 953 4634 Praelefhflncesi0¹112⁰rdl1¹³r302
984 4551 1047 4622 ubi
1070 4550 1122 4618 vi·
1174 4558 1279 4630 certis
1301 4559 1524 4650 temporibus
1547 4561 1723 4644 exundat,
1766 4572 1801 4629 et
1821 4561 1889 4632 illis
1908 4557 2162 4629 exundationi-

133 4652 264 4721 delicet
285 4676 369 4746 apes
392 4666 587 4724 nascuntur
609 4679 653 4739 ex
670 4654 763 4723 bove
783 4654 1002 4745 putrefacto,
1033 4676 1121 4722 con·
1172 4662 1238 4732 bus
1262 4674 1356 4731 terra
1376 4662 1553 4730 foecunda
1576 4663 1627 4732 fit.
1695 4661 1880 4733 Interdum
1903 4686 1978 4732 non
2001 4660 2161 4731 exundat

133 4754 227 4825 iecto
242 4753 282 4821 iu
300 4755 455 4849 aliquem
478 4758 597 4849 luerim
620 4754 800 4838 clausum,
834 4754 898 4823 ubi
922 4752 1037 4846 putris
1060 4778 1121 4823 va·
1172 4763 1275 4834 Nilus
1287 4787 1354 4834 suo
1371 4777 1553 4856 tempore,
1584 4761 1628 4834 ει
1643 4776 1727 4834 tunc
1748 4768 1860 4837 fames
1886 4765 2085 4857 impendet,
2113 4772 2160 4829 ut

107 4875 203 4949 'por
218 4879 295 4926 non
307 4870 425 4948 potest
439 4855 616 4931 exhalare.
668 4857 738 4927 Sed
755 4855 806 4925 ibi
827 4867 913 4926 sunt
935 4857 1119 4927 addendae
1172 4866 1393 4956 temporibus
1418 4863 1561 4958 losephi
1584 4881 1619 4937 ει
1642 4867 1805 4938 Traiani.
1868 4867 1933 4939 Est
1959 4866 2064 4959 plane
2086 4857 2162 4932 hoc

132 4954 266 5029 herbae
284 4960 483 5052 quaedam,
508 4957 717 5054 ut'thymus
735 4956 875 5049 casiae,
905 4969 947 5029 ut
968 4958 1034 5029 iste
1058 4984 1120 5029 va·
1171 4967 1383 5040 miraculum
1407 4971 1583 5040 divinum.
1650 4970 1739 5040 Post
1760 4968 1968 5040 Caniculam
1993 4992 2075 5039 cum
2104 4976 2162 5035 εει

132 5081 202 5150 1³⁰¹·
215 5073 445 5152 imperetur·
495 5062 614 5145 Hm,
646 5058 919 5150 ⁸5⁰⁰ll³f0¹l¹¹¹⁰
940 5060 1033 5147 dl¹ls
1066 5074 1119 5133 esi
1168 5094 1307 5140 summa
1336 5072 1484 5142 ariditas
1518 5073 1556 5142 in
1586 5074 1751 5144 omnibus
1781 5072 1889 5155 locis,
1937 5085 2020 5142 tune
2050 5066 2161 5139 Nilus

131 5156 372 5251 pulcherrima
387 5164 507 5256 imago
524 5177 559 5234 ει
574 5164 712 5254 pictura
727 5159 927 5246 Ecclesiae,
952 5189 1044 5258 quae
1064 5177 1118 5236 εει
1169 5175 1343 5258 exundat,
1392 5188 1428 5244 et
1458 5173 1584 5266 irrigat
1613 5199 1734 5266 agros,
1777 5174 1939 5243 videlicet
1972 5173 2036 5241 illo
2066 5182 2178 5241 tem··

130 5274 218 5332 nata
242 5287 285 5333 ex
304 5265 397 5338 bove
417 5277 595 5350 mactato,
628 5264 754 5348 idest,
787 5286 829 5334 ex
844 5261 987 5337 Christo
1003 5268 1115 5341 cruci·

1175 5332 1376 5345 m

130 5418 344 5442 *·-··
1201 5416 1248 5483 ιε)
1269 5418 1372 5478 reris]
1391 5415 1433 5466 us
1449 5397 1500 5466 aa.
1513 5414 1605 5477 ssss.;
1630 5415 1681 5464 na.
1699 5413 1838 5477 Wagner.
1860 5414 1979 5468 merser

99 5574 108 5586 ‚
168 5497 214 5566 ι7)
231 5497 353 5566 mue]
371 5497 416 5551 ⁸10
430 5497 591 5565 ntitas
609 5495 662 5553 re
678 5496 816 5566 wagan.
833 5500 950 5559 suu.
1074 5536 1116 5571 ,-
1200 5501 1247 5563 su
1264 5502 1412 5562 musa]
1428 5499 1470 5550 us
1488 5500 1537 5551 re
1553 5501 1648 5562 rsu.;
1670 5497 1720 5547 ru.
1739 5498 1879 5572 wega«.
1896 5495 2013 5562 ruso.
