<?xml version="1.0" encoding="UTF-8"?>
<!DOCTYPE html PUBLIC "-//W3C//DTD XHTML 1.0 Transitional//EN"
    "http://www.w3.org/TR/xhtml1/DTD/xhtml1-transitional.dtd">
<html xmlns="http://www.w3.org/1999/xhtml" xml:lang="en" lang="en">
 <head>
  <title>
</title>
<meta http-equiv="Content-Type" content="text/html;charset=utf-8" />
  <meta name='ocr-system' content='tesseract 3.04.00' />
  <meta name='ocr-capabilities' content='ocr_page ocr_carea ocr_par ocr_line ocrx_word'/>
</head>
<body>
  <div class='ocr_page' id='page_1' title='image "./philippimelanth14melagoog_0327.png"; bbox 0 0 4784 6256; ppageno 0'>
   <div class='ocr_carea' id='block_1_1' title="bbox 68 1661 1171 1760">
    <p class='ocr_par' dir='ltr' id='par_1_1' title="bbox 68 1661 1171 1760">
     <span class='ocr_line' id='line_1_1' title="bbox 68 1661 1171 1760; baseline -0.003 -23"><span class='ocrx_word' id='word_1_1' title='bbox 68 1680 74 1694; x_wconf 88' lang='grc'><strong>“</strong></span> <span class='ocrx_word' id='word_1_2' title='bbox 128 1708 131 1716; x_wconf 83' lang='grc'><em>·</em></span> <span class='ocrx_word' id='word_1_3' title='bbox 181 1661 388 1750; x_wconf 89' lang='lat' dir='ltr'>machinas,</span> <span class='ocrx_word' id='word_1_4' title='bbox 415 1664 646 1760; x_wconf 89' lang='lat' dir='ltr'>quibuscum</span> <span class='ocrx_word' id='word_1_5' title='bbox 669 1665 860 1757; x_wconf 92' lang='lat' dir='ltr'>impuliin</span> <span class='ocrx_word' id='word_1_6' title='bbox 885 1661 1171 1755; x_wconf 72' lang='lat' dir='ltr'>hancmentem,</span> 
     </span>
    </p>
   </div>
   <div class='ocr_carea' id='block_1_2' title="bbox 170 242 2223 377">
    <p class='ocr_par' dir='ltr' id='par_1_2' title="bbox 170 242 2223 377">
     <span class='ocr_line' id='line_1_2' title="bbox 170 242 2223 377; baseline -0.002 -29"><span class='ocrx_word' id='word_1_7' title='bbox 170 274 255 350; x_wconf 76' lang='lat' dir='ltr'>aar</span> <span class='ocrx_word' id='word_1_8' title='bbox 625 242 629 255; x_wconf 83' lang='lat'>&#39;</span> <span class='ocrx_word' id='word_1_9' title='bbox 762 268 888 345; x_wconf 81' lang='lat' dir='ltr'>ean,</span> <span class='ocrx_word' id='word_1_10' title='bbox 922 272 1037 344; x_wconf 75' lang='lat' dir='ltr'>uun.</span> <span class='ocrx_word' id='word_1_11' title='bbox 1066 270 1269 344; x_wconf 73' lang='lat' dir='ltr'>scatere</span> <span class='ocrx_word' id='word_1_12' title='bbox 1301 258 1640 377; x_wconf 73' lang='lat' dir='ltr'>rumorosus.</span> <span class='ocrx_word' id='word_1_13' title='bbox 2047 288 2053 309; x_wconf 86' lang='lat'><strong>·</strong></span> <span class='ocrx_word' id='word_1_14' title='bbox 2136 268 2223 346; x_wconf 78' lang='lat' dir='ltr'>aas</span> 
     </span>
    </p>
   </div>
   <div class='ocr_carea' id='block_1_3' title="bbox 173 428 2222 1373">
    <p class='ocr_par' dir='ltr' id='par_1_3' title="bbox 173 428 2222 1141">
     <span class='ocr_line' id='line_1_3' title="bbox 173 428 2216 536; baseline -0.008 -16"><span class='ocrx_word' id='word_1_15' title='bbox 173 447 271 519; x_wconf 80' lang='lat' dir='ltr'>citus</span> <span class='ocrx_word' id='word_1_16' title='bbox 285 453 408 513; x_wconf 90' lang='lat' dir='ltr'>noster</span> <span class='ocrx_word' id='word_1_17' title='bbox 422 439 494 511; x_wconf 92' lang='lat' dir='ltr'>iam</span> <span class='ocrx_word' id='word_1_18' title='bbox 515 438 758 524; x_wconf 89' lang='lat' dir='ltr'>convenisset,</span> <span class='ocrx_word' id='word_1_19' title='bbox 784 441 823 512; x_wconf 89' lang='lat' dir='ltr'>iu</span> <span class='ocrx_word' id='word_1_20' title='bbox 837 437 1035 536; x_wconf 78' lang='lat' dir='ltr'>Phrygiam</span> <span class='ocrx_word' id='word_1_21' title='bbox 1057 443 1167 514; x_wconf 89' lang='lat' dir='ltr'>classe</span> <span class='ocrx_word' id='word_1_22' title='bbox 1219 440 1309 510; x_wconf 72' lang='lat' dir='ltr'>mm:</span> <span class='ocrx_word' id='word_1_23' title='bbox 1336 462 1402 531; x_wconf 91' lang='lat' dir='ltr'>ego</span> <span class='ocrx_word' id='word_1_24' title='bbox 1418 437 1555 507; x_wconf 90' lang='lat' dir='ltr'>interea</span> <span class='ocrx_word' id='word_1_25' title='bbox 1565 428 1736 505; x_wconf 85' lang='lat' dir='ltr'>hostibus</span> <span class='ocrx_word' id='word_1_26' title='bbox 1751 428 1900 502; x_wconf 89' lang='lat' dir='ltr'>insidias</span> <span class='ocrx_word' id='word_1_27' title='bbox 1914 433 2074 516; x_wconf 87' lang='lat' dir='ltr'>tetendi;</span> <span class='ocrx_word' id='word_1_28' title='bbox 2102 451 2216 512; x_wconf 66' lang='lat' dir='ltr'>entra</span> 
     </span>
     <span class='ocr_line' id='line_1_4' title="bbox 179 531 2220 637; baseline -0.002 -18"><span class='ocrx_word' id='word_1_29' title='bbox 179 545 475 628; x_wconf 70' lang='lat' dir='ltr'>transmissurus,</span> <span class='ocrx_word' id='word_1_30' title='bbox 501 567 567 614; x_wconf 92' lang='lat' dir='ltr'>nec</span> <span class='ocrx_word' id='word_1_31' title='bbox 593 542 762 613; x_wconf 78' lang='lat' dir='ltr'>idoneam</span> <span class='ocrx_word' id='word_1_32' title='bbox 786 556 1034 637; x_wconf 79' lang='lat' dir='ltr'>tempestatem</span> <span class='ocrx_word' id='word_1_33' title='bbox 1059 540 1169 614; x_wconf 82' lang='lat' dir='ltr'>habe·</span> <span class='ocrx_word' id='word_1_34' title='bbox 1221 555 1256 613; x_wconf 90' lang='lat' dir='ltr'>et</span> <span class='ocrx_word' id='word_1_35' title='bbox 1270 531 1421 631; x_wconf 29' lang='lat' dir='ltr'>&#39;navalia</span> <span class='ocrx_word' id='word_1_36' title='bbox 1454 537 1568 610; x_wconf 86' lang='lat' dir='ltr'>fossis·</span> <span class='ocrx_word' id='word_1_37' title='bbox 1591 532 1943 629; x_wconf 73' lang='lat' dir='ltr'>propugnaculisque</span> <span class='ocrx_word' id='word_1_38' title='bbox 1976 542 2220 626; x_wconf 80' lang='lat' dir='ltr'>communivi3</span> 
     </span>
     <span class='ocr_line' id='line_1_5' title="bbox 178 638 2220 745; baseline -0.006 -24"><span class='ocrx_word' id='word_1_39' title='bbox 178 661 255 733; x_wconf 89' lang='lat' dir='ltr'>ret,</span> <span class='ocrx_word' id='word_1_40' title='bbox 281 672 323 717; x_wconf 90' lang='lat' dir='ltr'>ac</span> <span class='ocrx_word' id='word_1_41' title='bbox 336 657 527 738; x_wconf 90' lang='lat' dir='ltr'>propterea</span> <span class='ocrx_word' id='word_1_42' title='bbox 542 645 581 715; x_wconf 93' lang='lat' dir='ltr'>in</span> <span class='ocrx_word' id='word_1_43' title='bbox 603 645 730 716; x_wconf 77' lang='lat' dir='ltr'>Aulide</span> <span class='ocrx_word' id='word_1_44' title='bbox 749 645 812 717; x_wconf 91' lang='lat' dir='ltr'>diu</span> <span class='ocrx_word' id='word_1_45' title='bbox 828 642 996 718; x_wconf 77' lang='lat' dir='ltr'>haereret</span> <span class='ocrx_word' id='word_1_46' title='bbox 1014 646 1168 717; x_wconf 88' lang='lat' dir='ltr'>otiosus:</span> <span class='ocrx_word' id='word_1_47' title='bbox 1220 645 1338 716; x_wconf 92' lang='lat' dir='ltr'>socios</span> <span class='ocrx_word' id='word_1_48' title='bbox 1371 641 1577 714; x_wconf 82' lang='lat' dir='ltr'>consolatus</span> <span class='ocrx_word' id='word_1_49' title='bbox 1609 663 1720 722; x_wconf 90' lang='lat' dir='ltr'>sum,</span> <span class='ocrx_word' id='word_1_50' title='bbox 1758 660 1805 706; x_wconf 90' lang='lat' dir='ltr'>ne</span> <span class='ocrx_word' id='word_1_51' title='bbox 1832 638 2089 745; x_wconf 75' lang='lat' dir='ltr'>frangerentur</span> <span class='ocrx_word' id='word_1_52' title='bbox 2118 669 2220 717; x_wconf 74' lang='lat' dir='ltr'>mors</span> 
     </span>
     <span class='ocr_line' id='line_1_6' title="bbox 181 739 2222 844; baseline -0.001 -21"><span class='ocrx_word' id='word_1_53' title='bbox 181 774 248 844; x_wconf 89' lang='lat' dir='ltr'>ego</span> <span class='ocrx_word' id='word_1_54' title='bbox 262 749 407 819; x_wconf 89' lang='lat' dir='ltr'>tandem</span> <span class='ocrx_word' id='word_1_55' title='bbox 423 747 575 840; x_wconf 86' lang='lat' dir='ltr'>perfeci,</span> <span class='ocrx_word' id='word_1_56' title='bbox 599 758 642 819; x_wconf 91' lang='lat' dir='ltr'>ut</span> <span class='ocrx_word' id='word_1_57' title='bbox 655 748 774 821; x_wconf 89' lang='lat' dir='ltr'>classis</span> <span class='ocrx_word' id='word_1_58' title='bbox 790 749 873 820; x_wconf 89' lang='lat' dir='ltr'>inde</span> <span class='ocrx_word' id='word_1_59' title='bbox 890 750 1064 829; x_wconf 87' lang='lat' dir='ltr'>solveret;</span> <span class='ocrx_word' id='word_1_60' title='bbox 1089 770 1169 841; x_wconf 90' lang='lat' dir='ltr'>per·</span> <span class='ocrx_word' id='word_1_61' title='bbox 1220 746 1327 826; x_wconf 90' lang='lat' dir='ltr'>belli;</span> <span class='ocrx_word' id='word_1_62' title='bbox 1354 744 1498 827; x_wconf 88' lang='lat' dir='ltr'>curavi,</span> <span class='ocrx_word' id='word_1_63' title='bbox 1517 754 1560 812; x_wconf 91' lang='lat' dir='ltr'>ut</span> <span class='ocrx_word' id='word_1_64' title='bbox 1574 741 1748 811; x_wconf 82' lang='lat' dir='ltr'>exercitus</span> <span class='ocrx_word' id='word_1_65' title='bbox 1764 750 1889 810; x_wconf 90' lang='lat' dir='ltr'>noster</span> <span class='ocrx_word' id='word_1_66' title='bbox 1903 739 2110 816; x_wconf 74' lang='lat' dir='ltr'>abundaret</span> <span class='ocrx_word' id='word_1_67' title='bbox 2125 771 2222 819; x_wconf 87' lang='lat' dir='ltr'>com·</span> 
     </span>
     <span class='ocr_line' id='line_1_7' title="bbox 182 840 2222 961; baseline -0 -37"><span class='ocrx_word' id='word_1_68' title='bbox 182 851 278 924; x_wconf 85' lang='lat' dir='ltr'>suasi</span> <span class='ocrx_word' id='word_1_69' title='bbox 292 849 389 919; x_wconf 85' lang='lat' dir='ltr'>enirn</span> <span class='ocrx_word' id='word_1_70' title='bbox 404 847 670 940; x_wconf 87' lang='lat' dir='ltr'>Agamemnoni</span> <span class='ocrx_word' id='word_1_71' title='bbox 679 874 698 935; x_wconf 73' lang='lat'>,&#39;</span> <span class='ocrx_word' id='word_1_72' title='bbox 719 864 760 922; x_wconf 89' lang='lat' dir='ltr'>ut</span> <span class='ocrx_word' id='word_1_73' title='bbox 780 848 1026 944; x_wconf 90' lang='lat' dir='ltr'>lphigeniam,</span> <span class='ocrx_word' id='word_1_74' title='bbox 1057 851 1167 919; x_wconf 86' lang='lat' dir='ltr'>liliam</span> <span class='ocrx_word' id='word_1_75' title='bbox 1222 860 1361 927; x_wconf 90' lang='lat' dir='ltr'>meatu;</span> <span class='ocrx_word' id='word_1_76' title='bbox 1388 848 1433 915; x_wconf 92' lang='lat' dir='ltr'>de</span> <span class='ocrx_word' id='word_1_77' title='bbox 1450 842 1634 914; x_wconf 84' lang='lat' dir='ltr'>armandis</span> <span class='ocrx_word' id='word_1_78' title='bbox 1653 867 1798 943; x_wconf 81' lang='lat' dir='ltr'>quoque</span> <span class='ocrx_word' id='word_1_79' title='bbox 1814 840 1991 961; x_wconf 79' lang='lat' dir='ltr'>militibus</span> <span class='ocrx_word' id='word_1_80' title='bbox 2008 848 2124 920; x_wconf 85' lang='lat' dir='ltr'>multa</span> <span class='ocrx_word' id='word_1_81' title='bbox 2151 851 2222 946; x_wconf 87' lang='lat' dir='ltr'>nti-</span> 
     </span>
     <span class='ocr_line' id='line_1_8' title="bbox 179 945 2222 1045; baseline -0.001 -18"><span class='ocrx_word' id='word_1_82' title='bbox 179 976 295 1037; x_wconf 88' lang='lat' dir='ltr'>suam,</span> <span class='ocrx_word' id='word_1_83' title='bbox 310 951 682 1044; x_wconf 84' lang='lat' dir='ltr'>prosaluteexercitus</span> <span class='ocrx_word' id='word_1_84' title='bbox 697 951 1061 1036; x_wconf 89' lang='lat' dir='ltr'>immolaretDianae,</span> <span class='ocrx_word' id='word_1_85' title='bbox 1078 975 1170 1045; x_wconf 89' lang='lat' dir='ltr'>quae</span> <span class='ocrx_word' id='word_1_86' title='bbox 1222 949 1304 1020; x_wconf 92' lang='lat' dir='ltr'>liter</span> <span class='ocrx_word' id='word_1_87' title='bbox 1326 945 1471 1026; x_wconf 89' lang='lat' dir='ltr'>monui;</span> <span class='ocrx_word' id='word_1_88' title='bbox 1499 968 1678 1039; x_wconf 84' lang='lat' dir='ltr'>nusquam</span> <span class='ocrx_word' id='word_1_89' title='bbox 1697 967 1774 1015; x_wconf 92' lang='lat' dir='ltr'>non</span> <span class='ocrx_word' id='word_1_90' title='bbox 1795 968 1924 1018; x_wconf 75' lang='lat' dir='ltr'>missus</span> <span class='ocrx_word' id='word_1_91' title='bbox 1945 970 2046 1034; x_wconf 85' lang='lat' dir='ltr'>sum,</span> <span class='ocrx_word' id='word_1_92' title='bbox 2068 951 2132 1022; x_wconf 93' lang='lat' dir='ltr'>nbi</span> <span class='ocrx_word' id='word_1_93' title='bbox 2154 976 2222 1025; x_wconf 83' lang='lat' dir='ltr'>ne-</span> 
     </span>
     <span class='ocr_line' id='line_1_9' title="bbox 179 1042 1619 1141; baseline -0.007 -16"><span class='ocrx_word' id='word_1_94' title='bbox 179 1055 274 1125; x_wconf 87' lang='lat' dir='ltr'>irata</span> <span class='ocrx_word' id='word_1_95' title='bbox 298 1052 456 1125; x_wconf 89' lang='lat' dir='ltr'>adversis</span> <span class='ocrx_word' id='word_1_96' title='bbox 479 1054 595 1125; x_wconf 88' lang='lat' dir='ltr'>ventis</span> <span class='ocrx_word' id='word_1_97' title='bbox 615 1078 683 1125; x_wconf 90' lang='lat' dir='ltr'>nos</span> <span class='ocrx_word' id='word_1_98' title='bbox 705 1057 977 1139; x_wconf 88' lang='lat' dir='ltr'>remorabatur,</span> <span class='ocrx_word' id='word_1_99' title='bbox 1010 1066 1046 1123; x_wconf 93' lang='lat' dir='ltr'>et</span> <span class='ocrx_word' id='word_1_100' title='bbox 1070 1053 1168 1123; x_wconf 91' lang='lat' dir='ltr'>illam</span> <span class='ocrx_word' id='word_1_101' title='bbox 1223 1050 1365 1124; x_wconf 87' lang='lat' dir='ltr'>cessitas</span> <span class='ocrx_word' id='word_1_102' title='bbox 1382 1048 1590 1141; x_wconf 88' lang='lat' dir='ltr'>postulavit.</span> <span class='ocrx_word' id='word_1_103' title='bbox 1602 1042 1619 1067; x_wconf 78' lang='lat'>&#39;⁸</span> 
     </span>
    </p>

    <p class='ocr_par' dir='ltr' id='par_1_4' title="bbox 180 1152 2222 1373">
     <span class='ocr_line' id='line_1_10' title="bbox 180 1152 2179 1295; baseline 0.003 -69"><span class='ocrx_word' id='word_1_104' title='bbox 180 1154 229 1226; x_wconf 90' lang='lat' dir='ltr'>ad</span> <span class='ocrx_word' id='word_1_105' title='bbox 240 1153 453 1227; x_wconf 82' lang='lat' dir='ltr'>sacrificium</span> <span class='ocrx_word' id='word_1_106' title='bbox 469 1154 539 1226; x_wconf 88' lang='lat' dir='ltr'>sibi</span> <span class='ocrx_word' id='word_1_107' title='bbox 554 1152 711 1227; x_wconf 89' lang='lat' dir='ltr'>hostiam</span> <span class='ocrx_word' id='word_1_108' title='bbox 728 1159 808 1227; x_wconf 91' lang='lat' dir='ltr'>dari</span> <span class='ocrx_word' id='word_1_109' title='bbox 822 1157 1002 1250; x_wconf 91' lang='lat' dir='ltr'>poscebat.</span> <span class='ocrx_word' id='word_1_110' title='bbox 1025 1155 1169 1248; x_wconf 84' lang='lat' dir='ltr'>Quanta</span> <span class='ocrx_word' id='word_1_111' title='bbox 1273 1201 1308 1269; x_wconf 68' lang='lat' dir='ltr'><strong>v</strong></span> <span class='ocrx_word' id='word_1_112' title='bbox 1350 1201 1427 1278; x_wconf 57' lang='grc' dir='ltr'><em>Μ</em></span> <span class='ocrx_word' id='word_1_113' title='bbox 1479 1204 1563 1272; x_wconf 61' lang='lat' dir='ltr'>Bm</span> <span class='ocrx_word' id='word_1_114' title='bbox 1592 1204 1683 1272; x_wconf 49' lang='lat' dir='ltr'>M,</span> <span class='ocrx_word' id='word_1_115' title='bbox 1704 1206 1834 1274; x_wconf 54' lang='lat' dir='ltr'>mom</span> <span class='ocrx_word' id='word_1_116' title='bbox 1889 1206 2046 1295; x_wconf 58' lang='lat' dir='ltr'><em>W</em></span> <span class='ocrx_word' id='word_1_117' title='bbox 2074 1209 2085 1228; x_wconf 91' lang='lat'>.</span> <span class='ocrx_word' id='word_1_118' title='bbox 2169 1211 2179 1232; x_wconf 96' lang='lat'>.</span> 
     </span>
     <span class='ocr_line' id='line_1_11' title="bbox 180 1229 2222 1373; baseline -0.002 -45"><span class='ocrx_word' id='word_1_119' title='bbox 180 1281 268 1328; x_wconf 89' lang='lat' dir='ltr'>vcro</span> <span class='ocrx_word' id='word_1_120' title='bbox 294 1257 500 1328; x_wconf 88' lang='lat' dir='ltr'>difficultate</span> <span class='ocrx_word' id='word_1_121' title='bbox 522 1253 593 1326; x_wconf 92' lang='lat' dir='ltr'>hoc</span> <span class='ocrx_word' id='word_1_122' title='bbox 618 1281 638 1326; x_wconf 91' lang='lat' dir='ltr'>a</span> <span class='ocrx_word' id='word_1_123' title='bbox 661 1271 762 1350; x_wconf 87' lang='lat' dir='ltr'>patre</span> <span class='ocrx_word' id='word_1_124' title='bbox 781 1257 1071 1351; x_wconf 85' lang='lat' dir='ltr'>impetraverim,</span> <span class='ocrx_word' id='word_1_125' title='bbox 1095 1257 1170 1350; x_wconf 84' lang='lat' dir='ltr'>ipse</span> <span class='ocrx_word' id='word_1_126' title='bbox 1307 1229 1335 1275; x_wconf 72' lang='lat'>⁸&#39;</span> <span class='ocrx_word' id='word_1_127' title='bbox 1428 1253 1438 1274; x_wconf 84' lang='lat'><em>⁰</em></span> <span class='ocrx_word' id='word_1_128' title='bbox 1535 1291 1656 1373; x_wconf 46' lang='lat' dir='ltr'><strong><em>“m-3·</em></strong></span> <span class='ocrx_word' id='word_1_129' title='bbox 1840 1255 1854 1289; x_wconf 89' lang='lat'><em>&#39;</em></span> <span class='ocrx_word' id='word_1_130' title='bbox 2067 1230 2222 1301; x_wconf 59' lang='lat' dir='ltr'><strong><em>m</em></strong></span> 
     </span>
    </p>
   </div>
   <div class='ocr_carea' id='block_1_4' title="bbox 180 1355 2218 1557">
    <p class='ocr_par' dir='ltr' id='par_1_5' title="bbox 180 1355 2218 1557">
     <span class='ocr_line' id='line_1_12' title="bbox 180 1355 2201 1458; baseline -0.011 -27"><span class='ocrx_word' id='word_1_131' title='bbox 180 1355 273 1431; x_wconf 86' lang='lat' dir='ltr'>mihi</span> <span class='ocrx_word' id='word_1_132' title='bbox 296 1360 393 1430; x_wconf 88' lang='lat' dir='ltr'>testis</span> <span class='ocrx_word' id='word_1_133' title='bbox 416 1371 480 1430; x_wconf 90' lang='lat' dir='ltr'>est.</span> <span class='ocrx_word' id='word_1_134' title='bbox 539 1358 672 1430; x_wconf 85' lang='lat' dir='ltr'>Fateor</span> <span class='ocrx_word' id='word_1_135' title='bbox 695 1360 861 1455; x_wconf 88' lang='lat' dir='ltr'>equidem</span> <span class='ocrx_word' id='word_1_136' title='bbox 886 1357 1031 1458; x_wconf 84' lang='lat' dir='ltr'>(latenti</span> <span class='ocrx_word' id='word_1_137' title='bbox 1050 1371 1199 1443; x_wconf 59' lang='lat' dir='ltr'>autem,</span> <span class='ocrx_word' id='word_1_138' title='bbox 1420 1418 1458 1436; x_wconf 81' lang='lat'><em>„</em></span> <span class='ocrx_word' id='word_1_139' title='bbox 1593 1420 1603 1437; x_wconf 64' lang='lat'>‚</span> <span class='ocrx_word' id='word_1_140' title='bbox 1748 1419 1757 1436; x_wconf 68' lang='grc'>,</span> <span class='ocrx_word' id='word_1_141' title='bbox 1949 1424 1959 1442; x_wconf 34' lang='grc' dir='ltr'>ι</span> <span class='ocrx_word' id='word_1_142' title='bbox 2190 1433 2201 1450; x_wconf 94' lang='lat'>.</span> 
     </span>
     <span class='ocr_line' id='line_1_13' title="bbox 180 1419 2218 1557; baseline -0.009 -49"><span class='ocrx_word' id='word_1_143' title='bbox 180 1459 434 1553; x_wconf 57' lang='lat' dir='ltr'>Agamemnon</span> <span class='ocrx_word' id='word_1_144' title='bbox 447 1461 629 1552; x_wconf 49' lang='lat' dir='ltr'>ignoscat,</span> <span class='ocrx_word' id='word_1_145' title='bbox 657 1462 741 1557; x_wconf 69' lang='lat' dir='ltr'>om)</span> <span class='ocrx_word' id='word_1_146' title='bbox 756 1486 814 1532; x_wconf 59' lang='lat' dir='ltr'>me</span> <span class='ocrx_word' id='word_1_147' title='bbox 831 1462 870 1532; x_wconf 66' lang='lat' dir='ltr'>in</span> <span class='ocrx_word' id='word_1_148' title='bbox 889 1459 956 1532; x_wconf 56' lang='lat' dir='ltr'>hac</span> <span class='ocrx_word' id='word_1_149' title='bbox 980 1484 1086 1532; x_wconf 59' lang='lat' dir='ltr'>causa</span> <span class='ocrx_word' id='word_1_150' title='bbox 1108 1461 1171 1530; x_wconf 50' lang='lat' dir='ltr'>ad·</span> <span class='ocrx_word' id='word_1_151' title='bbox 1195 1450 1198 1489; x_wconf 83' lang='grc' dir='ltr'>ι</span> <span class='ocrx_word' id='word_1_152' title='bbox 1223 1419 1334 1515; x_wconf 86' lang='lat' dir='ltr'>Quod</span> <span class='ocrx_word' id='word_1_153' title='bbox 1354 1420 1569 1491; x_wconf 77' lang='lat' dir='ltr'>seditionem</span> <span class='ocrx_word' id='word_1_154' title='bbox 1590 1444 1630 1488; x_wconf 88' lang='lat' dir='ltr'>m</span> <span class='ocrx_word' id='word_1_155' title='bbox 1652 1431 1776 1492; x_wconf 78' lang='lat' dir='ltr'>castris</span> <span class='ocrx_word' id='word_1_156' title='bbox 1798 1425 1998 1512; x_wconf 87' lang='lat' dir='ltr'>sedaverrt,</span> <span class='ocrx_word' id='word_1_157' title='bbox 2031 1451 2076 1499; x_wconf 82' lang='lat' dir='ltr'>ac</span> <span class='ocrx_word' id='word_1_158' title='bbox 2093 1426 2218 1523; x_wconf 60' lang='lat' dir='ltr'>probs.</span> 
     </span>
    </p>
   </div>
   <div class='ocr_carea' id='block_1_5' title="bbox 181 1504 2218 2679">
    <p class='ocr_par' dir='ltr' id='par_1_6' title="bbox 181 1504 1868 1657">
     <span class='ocr_line' id='line_1_14' title="bbox 181 1504 1868 1657; baseline -0.004 -20"><span class='ocrx_word' id='word_1_159' title='bbox 181 1558 339 1637; x_wconf 86' lang='lat' dir='ltr'>hibuisse</span> <span class='ocrx_word' id='word_1_160' title='bbox 355 1587 482 1635; x_wconf 91' lang='lat' dir='ltr'>omnes</span> <span class='ocrx_word' id='word_1_161' title='bbox 501 1562 639 1655; x_wconf 90' lang='lat' dir='ltr'>ingenii</span> <span class='ocrx_word' id='word_1_162' title='bbox 656 1564 770 1647; x_wconf 90' lang='lat' dir='ltr'>vires,</span> <span class='ocrx_word' id='word_1_163' title='bbox 797 1588 922 1635; x_wconf 89' lang='lat' dir='ltr'>omnes</span> <span class='ocrx_word' id='word_1_164' title='bbox 944 1562 1171 1657; x_wconf 90' lang='lat' dir='ltr'>eloquentiae</span> <span class='ocrx_word' id='word_1_165' title='bbox 1195 1504 1199 1607; x_wconf 79' lang='lat' dir='ltr'>l</span> <span class='ocrx_word' id='word_1_166' title='bbox 1222 1524 1363 1608; x_wconf 37' lang='lat' dir='ltr'>humb</span> <span class='ocrx_word' id='word_1_167' title='bbox 1384 1546 1431 1592; x_wconf 72' lang='lat'>¹¹⁸</span> <span class='ocrx_word' id='word_1_168' title='bbox 1448 1533 1621 1594; x_wconf 57' lang='lat' dir='ltr'><strong>‘mum‘</strong></span> <span class='ocrx_word' id='word_1_169' title='bbox 1636 1522 1868 1598; x_wconf 52' lang='lat' dir='ltr'>‘imeretur&#39;</span> 
     </span>
    </p>

    <p class='ocr_par' dir='ltr' id='par_1_7' title="bbox 182 1650 2218 2679">
     <span class='ocr_line' id='line_1_15' title="bbox 1300 1650 2218 1749; baseline 0.013 -23"><span class='ocrx_word' id='word_1_170' title='bbox 1300 1656 1380 1741; x_wconf 91' lang='lat' dir='ltr'>„Ad</span> <span class='ocrx_word' id='word_1_171' title='bbox 1394 1650 1496 1740; x_wconf 90' lang='lat' dir='ltr'>haec,</span> <span class='ocrx_word' id='word_1_172' title='bbox 1513 1680 1593 1728; x_wconf 92' lang='lat' dir='ltr'>cum</span> <span class='ocrx_word' id='word_1_173' title='bbox 1602 1658 1855 1749; x_wconf 79' lang='lat' dir='ltr'>Agamemnon</span> <span class='ocrx_word' id='word_1_174' title='bbox 1863 1659 1990 1734; x_wconf 89' lang='lat' dir='ltr'>divino</span> <span class='ocrx_word' id='word_1_175' title='bbox 1998 1665 2144 1738; x_wconf 91' lang='lat' dir='ltr'>somnio</span> <span class='ocrx_word' id='word_1_176' title='bbox 2157 1668 2218 1739; x_wconf 89' lang='lat' dir='ltr'>de-</span> 
     </span>
     <span class='ocr_line' id='line_1_16' title="bbox 182 1759 2217 1878; baseline 0 -36"><span class='ocrx_word' id='word_1_177' title='bbox 182 1781 224 1842; x_wconf 88' lang='lat' dir='ltr'>ut</span> <span class='ocrx_word' id='word_1_178' title='bbox 252 1779 425 1839; x_wconf 89' lang='lat' dir='ltr'>statueret</span> <span class='ocrx_word' id='word_1_179' title='bbox 455 1765 523 1836; x_wconf 89' lang='lat' dir='ltr'>sibi</span> <span class='ocrx_word' id='word_1_180' title='bbox 552 1788 701 1860; x_wconf 91' lang='lat' dir='ltr'>quoquo</span> <span class='ocrx_word' id='word_1_181' title='bbox 732 1769 842 1837; x_wconf 92' lang='lat' dir='ltr'>modo</span> <span class='ocrx_word' id='word_1_182' title='bbox 875 1768 1104 1837; x_wconf 90' lang='lat' dir='ltr'>tolerandum</span> <span class='ocrx_word' id='word_1_183' title='bbox 1139 1780 1173 1836; x_wconf 90' lang='lat' dir='ltr'>et</span> <span class='ocrx_word' id='word_1_184' title='bbox 1224 1769 1359 1876; x_wconf 59' lang='lat' dir='ltr'>ceptus,</span> <span class='ocrx_word' id='word_1_185' title='bbox 1383 1759 1534 1851; x_wconf 84' lang='lat' dir='ltr'>fingeret</span> <span class='ocrx_word' id='word_1_186' title='bbox 1549 1784 1586 1832; x_wconf 86' lang='lat' dir='ltr'>se</span> <span class='ocrx_word' id='word_1_187' title='bbox 1607 1759 1745 1878; x_wconf 65' lang='lat' dir='ltr'>iniectis</span> <span class='ocrx_word' id='word_1_188' title='bbox 1762 1763 1870 1836; x_wconf 88' lang='lat' dir='ltr'>rebus</span> <span class='ocrx_word' id='word_1_189' title='bbox 1891 1765 2124 1840; x_wconf 87' lang='lat' dir='ltr'>dimissurum</span> <span class='ocrx_word' id='word_1_190' title='bbox 2141 1795 2217 1843; x_wconf 84' lang='lat' dir='ltr'>esse</span> 
     </span>
     <span class='ocr_line' id='line_1_17' title="bbox 184 1862 2212 1964; baseline 0 -24"><span class='ocrx_word' id='word_1_191' title='bbox 184 1867 451 1940; x_wconf 87' lang='lat' dir='ltr'>concedendum</span> <span class='ocrx_word' id='word_1_192' title='bbox 465 1891 552 1951; x_wconf 91' lang='lat' dir='ltr'>esse,</span> <span class='ocrx_word' id='word_1_193' title='bbox 568 1869 667 1961; x_wconf 91' lang='lat' dir='ltr'>quod</span> <span class='ocrx_word' id='word_1_194' title='bbox 683 1869 824 1960; x_wconf 90' lang='lat' dir='ltr'>publice</span> <span class='ocrx_word' id='word_1_195' title='bbox 839 1871 1042 1961; x_wconf 89' lang='lat' dir='ltr'>prodesset;</span> <span class='ocrx_word' id='word_1_196' title='bbox 1062 1882 1172 1964; x_wconf 89' lang='lat' dir='ltr'>utque</span> <span class='ocrx_word' id='word_1_197' title='bbox 1226 1872 1440 1946; x_wconf 58' lang='lat' dir='ltr'>entellum,</span> <span class='ocrx_word' id='word_1_198' title='bbox 1472 1862 1706 1947; x_wconf 68' lang='lat' dir='ltr'>memimtlls,</span> <span class='ocrx_word' id='word_1_199' title='bbox 1744 1877 1786 1934; x_wconf 89' lang='lat' dir='ltr'>ut</span> <span class='ocrx_word' id='word_1_200' title='bbox 1814 1867 1974 1962; x_wconf 86' lang='lat' dir='ltr'>plerique</span> <span class='ocrx_word' id='word_1_201' title='bbox 2000 1871 2144 1940; x_wconf 88' lang='lat' dir='ltr'>ruerint</span> <span class='ocrx_word' id='word_1_202' title='bbox 2170 1872 2212 1940; x_wconf 89' lang='lat' dir='ltr'>in</span> 
     </span>
     <span class='ocr_line' id='line_1_18' title="bbox 186 1962 2213 2099; baseline 0.007 -58"><span class='ocrx_word' id='word_1_203' title='bbox 186 1993 347 2041; x_wconf 90' lang='lat' dir='ltr'>amorem</span> <span class='ocrx_word' id='word_1_204' title='bbox 366 1992 449 2061; x_wconf 91' lang='lat' dir='ltr'>erga</span> <span class='ocrx_word' id='word_1_205' title='bbox 465 1970 635 2053; x_wconf 80' lang='lat' dir='ltr'>fratrem,</span> <span class='ocrx_word' id='word_1_206' title='bbox 662 1982 697 2039; x_wconf 90' lang='lat' dir='ltr'>et</span> <span class='ocrx_word' id='word_1_207' title='bbox 714 1995 823 2065; x_wconf 90' lang='lat' dir='ltr'>quam</span> <span class='ocrx_word' id='word_1_208' title='bbox 845 1972 885 2040; x_wconf 90' lang='lat' dir='ltr'>in</span> <span class='ocrx_word' id='word_1_209' title='bbox 903 1973 1059 2045; x_wconf 82' lang='lat' dir='ltr'>exercitu</span> <span class='ocrx_word' id='word_1_210' title='bbox 1077 1997 1173 2043; x_wconf 90' lang='lat' dir='ltr'>sum·</span> <span class='ocrx_word' id='word_1_211' title='bbox 1197 2012 1201 2099; x_wconf 68' lang='grc' dir='ltr'>Ι</span> <span class='ocrx_word' id='word_1_212' title='bbox 1224 1987 1346 2035; x_wconf 57' lang='lat' dir='ltr'>navet·</span> <span class='ocrx_word' id='word_1_213' title='bbox 1404 1962 1489 2036; x_wconf 79' lang='lat' dir='ltr'>N⁰⁰</span> <span class='ocrx_word' id='word_1_214' title='bbox 1513 1965 1638 2038; x_wconf 66' lang='lat'>5⁰⁰¹¹⁸⁰</span> <span class='ocrx_word' id='word_1_215' title='bbox 1664 1962 1724 2036; x_wconf 77' lang='lat' dir='ltr'>hac</span> <span class='ocrx_word' id='word_1_216' title='bbox 1746 1964 2069 2060; x_wconf 65' lang='lat' dir='ltr'>Atmfflmssems</span> <span class='ocrx_word' id='word_1_217' title='bbox 2104 1970 2213 2044; x_wconf 64' lang='lat' dir='ltr'>⁶⁰5⁰ss</span> 
     </span>
     <span class='ocr_line' id='line_1_19' title="bbox 184 2065 2216 2203; baseline 0.005 -60"><span class='ocrx_word' id='word_1_218' title='bbox 184 2096 283 2143; x_wconf 80' lang='lat' dir='ltr'>mam</span> <span class='ocrx_word' id='word_1_219' title='bbox 298 2082 512 2165; x_wconf 80' lang='lat' dir='ltr'>potestatem</span> <span class='ocrx_word' id='word_1_220' title='bbox 526 2066 655 2156; x_wconf 78' lang='lat' dir='ltr'>habet,</span> <span class='ocrx_word' id='word_1_221' title='bbox 680 2084 851 2163; x_wconf 77' lang='lat' dir='ltr'>paternae</span> <span class='ocrx_word' id='word_1_222' title='bbox 866 2074 1007 2144; x_wconf 78' lang='lat' dir='ltr'>caritati</span> <span class='ocrx_word' id='word_1_223' title='bbox 1021 2074 1173 2144; x_wconf 80' lang='lat' dir='ltr'>antefer-</span> <span class='ocrx_word' id='word_1_224' title='bbox 1197 2102 1202 2203; x_wconf 57' lang='lat' dir='ltr'>q</span> <span class='ocrx_word' id='word_1_225' title='bbox 1225 2068 1358 2136; x_wconf 81' lang='lat' dir='ltr'>factum</span> <span class='ocrx_word' id='word_1_226' title='bbox 1383 2077 1509 2136; x_wconf 82' lang='lat' dir='ltr'>autore</span> <span class='ocrx_word' id='word_1_227' title='bbox 1531 2065 1618 2137; x_wconf 82' lang='lat' dir='ltr'>love</span> <span class='ocrx_word' id='word_1_228' title='bbox 1649 2068 1791 2139; x_wconf 81' lang='lat' dir='ltr'>defendi</span> <span class='ocrx_word' id='word_1_229' title='bbox 1813 2083 1945 2162; x_wconf 73' lang='lat' dir='ltr'>potesta</span> <span class='ocrx_word' id='word_1_230' title='bbox 1977 2075 2041 2144; x_wconf 82' lang='lat' dir='ltr'>sed</span> <span class='ocrx_word' id='word_1_231' title='bbox 2058 2070 2216 2144; x_wconf 75' lang='lat' dir='ltr'>Aiacem</span> 
     </span>
     <span class='ocr_line' id='line_1_20' title="bbox 185 2167 2214 2315; baseline 0.004 -69"><span class='ocrx_word' id='word_1_232' title='bbox 185 2187 253 2246; x_wconf 87' lang='lat' dir='ltr'>ret.</span> <span class='ocrx_word' id='word_1_233' title='bbox 318 2171 395 2243; x_wconf 93' lang='lat' dir='ltr'>lam</span> <span class='ocrx_word' id='word_1_234' title='bbox 425 2174 614 2243; x_wconf 88' lang='lat' dir='ltr'>accedente</span> <span class='ocrx_word' id='word_1_235' title='bbox 643 2175 757 2265; x_wconf 91' lang='lat' dir='ltr'>patris</span> <span class='ocrx_word' id='word_1_236' title='bbox 780 2176 985 2260; x_wconf 90' lang='lat' dir='ltr'>voluntate,</span> <span class='ocrx_word' id='word_1_237' title='bbox 1019 2190 1171 2247; x_wconf 87' lang='lat' dir='ltr'>matrem</span> <span class='ocrx_word' id='word_1_238' title='bbox 1197 2215 1202 2315; x_wconf 61' lang='lat' dir='ltr'>q</span> <span class='ocrx_word' id='word_1_239' title='bbox 1226 2168 1373 2251; x_wconf 87' lang='lat' dir='ltr'>incuso,</span> <span class='ocrx_word' id='word_1_240' title='bbox 1399 2168 1463 2262; x_wconf 73' lang='lat' dir='ltr'>qui</span> <span class='ocrx_word' id='word_1_241' title='bbox 1477 2167 1636 2240; x_wconf 64' lang='lat' dir='ltr'>Gfteffit</span> <span class='ocrx_word' id='word_1_242' title='bbox 1650 2173 1772 2264; x_wconf 61' lang='lat' dir='ltr'>fugam</span> <span class='ocrx_word' id='word_1_243' title='bbox 1790 2174 2081 2261; x_wconf 65' lang='lat' dir='ltr'>m⁰lltnlttslt⁰ss</span> <span class='ocrx_word' id='word_1_244' title='bbox 2102 2176 2214 2255; x_wconf 68' lang='lat' dir='ltr'>mollo</span> 
     </span>
     <span class='ocr_line' id='line_1_21' title="bbox 187 2271 2217 2374; baseline 0.002 -29"><span class='ocrx_word' id='word_1_245' title='bbox 187 2288 264 2347; x_wconf 90' lang='lat' dir='ltr'>arte</span> <span class='ocrx_word' id='word_1_246' title='bbox 281 2274 519 2359; x_wconf 88' lang='lat' dir='ltr'>circumveni,</span> <span class='ocrx_word' id='word_1_247' title='bbox 544 2275 627 2370; x_wconf 91' lang='lat' dir='ltr'>quia</span> <span class='ocrx_word' id='word_1_248' title='bbox 643 2275 798 2347; x_wconf 87' lang='lat' dir='ltr'>sciebam</span> <span class='ocrx_word' id='word_1_249' title='bbox 814 2274 908 2349; x_wconf 92' lang='lat' dir='ltr'>banc</span> <span class='ocrx_word' id='word_1_250' title='bbox 934 2279 1042 2351; x_wconf 89' lang='lat' dir='ltr'>nullis</span> <span class='ocrx_word' id='word_1_251' title='bbox 1063 2279 1173 2350; x_wconf 87' lang='lat' dir='ltr'>ratio·</span> <span class='ocrx_word' id='word_1_252' title='bbox 1226 2293 1303 2341; x_wconf 72' lang='lat'>1101!</span> <span class='ocrx_word' id='word_1_253' title='bbox 1324 2271 1508 2340; x_wconf 69' lang='lat' dir='ltr'>revocavit</span> <span class='ocrx_word' id='word_1_254' title='bbox 1531 2296 1552 2342; x_wconf 77' lang='lat' dir='ltr'>a</span> <span class='ocrx_word' id='word_1_255' title='bbox 1576 2273 1675 2366; x_wconf 80' lang='lat' dir='ltr'>turpi</span> <span class='ocrx_word' id='word_1_256' title='bbox 1701 2277 1912 2369; x_wconf 85' lang='lat' dir='ltr'>proposito,</span> <span class='ocrx_word' id='word_1_257' title='bbox 1937 2281 1975 2349; x_wconf 92' lang='lat' dir='ltr'>id</span> <span class='ocrx_word' id='word_1_258' title='bbox 1994 2278 2090 2374; x_wconf 91' lang='lat' dir='ltr'>quod</span> <span class='ocrx_word' id='word_1_259' title='bbox 2105 2279 2217 2349; x_wconf 82' lang='lat' dir='ltr'>talem</span> 
     </span>
     <span class='ocr_line' id='line_1_22' title="bbox 184 2373 2217 2476; baseline 0.002 -28"><span class='ocrx_word' id='word_1_260' title='bbox 184 2379 292 2449; x_wconf 81' lang='lat' dir='ltr'>nibus</span> <span class='ocrx_word' id='word_1_261' title='bbox 315 2377 354 2446; x_wconf 91' lang='lat' dir='ltr'>in</span> <span class='ocrx_word' id='word_1_262' title='bbox 377 2381 529 2447; x_wconf 88' lang='lat' dir='ltr'>eandem</span> <span class='ocrx_word' id='word_1_263' title='bbox 553 2378 775 2449; x_wconf 91' lang='lat' dir='ltr'>voluntatem</span> <span class='ocrx_word' id='word_1_264' title='bbox 802 2381 931 2452; x_wconf 88' lang='lat' dir='ltr'>adduci</span> <span class='ocrx_word' id='word_1_265' title='bbox 950 2406 1066 2473; x_wconf 86' lang='lat' dir='ltr'>posse.</span> <span class='ocrx_word' id='word_1_266' title='bbox 1116 2383 1174 2454; x_wconf 84' lang='lat' dir='ltr'>Ad</span> <span class='ocrx_word' id='word_1_267' title='bbox 1226 2373 1437 2445; x_wconf 71' lang='lat' dir='ltr'>bellatorem</span> <span class='ocrx_word' id='word_1_268' title='bbox 1452 2373 1491 2442; x_wconf 77' lang='lat' dir='ltr'>in</span> <span class='ocrx_word' id='word_1_269' title='bbox 1511 2373 1639 2466; x_wconf 81' lang='lat' dir='ltr'>primis</span> <span class='ocrx_word' id='word_1_270' title='bbox 1655 2378 1822 2464; x_wconf 87' lang='lat' dir='ltr'>decebat,</span> <span class='ocrx_word' id='word_1_271' title='bbox 1848 2381 1910 2453; x_wconf 87' lang='lat' dir='ltr'>sed</span> <span class='ocrx_word' id='word_1_272' title='bbox 1934 2382 2042 2452; x_wconf 90' lang='lat' dir='ltr'>ctiam</span> <span class='ocrx_word' id='word_1_273' title='bbox 2064 2381 2217 2476; x_wconf 82' lang='lat' dir='ltr'>ipsemet</span> 
     </span>
     <span class='ocr_line' id='line_1_23' title="bbox 183 2472 2217 2577; baseline 0.006 -29"><span class='ocrx_word' id='word_1_274' title='bbox 183 2472 279 2565; x_wconf 84' lang='lat' dir='ltr'>banc</span> <span class='ocrx_word' id='word_1_275' title='bbox 304 2479 335 2548; x_wconf 92' lang='lat' dir='ltr'>si</span> <span class='ocrx_word' id='word_1_276' title='bbox 348 2477 441 2548; x_wconf 82' lang='lat' dir='ltr'>Aiax</span> <span class='ocrx_word' id='word_1_277' title='bbox 462 2479 587 2551; x_wconf 84' lang='lat' dir='ltr'>fnisset</span> <span class='ocrx_word' id='word_1_278' title='bbox 610 2480 756 2566; x_wconf 88' lang='lat' dir='ltr'>missus,</span> <span class='ocrx_word' id='word_1_279' title='bbox 782 2495 905 2554; x_wconf 90' lang='lat' dir='ltr'>nostra</span> <span class='ocrx_word' id='word_1_280' title='bbox 924 2484 1044 2559; x_wconf 88' lang='lat' dir='ltr'>classis</span> <span class='ocrx_word' id='word_1_281' title='bbox 1064 2483 1174 2556; x_wconf 80' lang='lat' dir='ltr'>etiam</span> <span class='ocrx_word' id='word_1_282' title='bbox 1200 2512 1203 2571; x_wconf 54' lang='grc' dir='ltr'><strong>ξ</strong></span> <span class='ocrx_word' id='word_1_283' title='bbox 1227 2488 1303 2548; x_wconf 78' lang='lat' dir='ltr'>lum</span> <span class='ocrx_word' id='word_1_284' title='bbox 1318 2475 1511 2548; x_wconf 56' lang='lat' dir='ltr'>meditat&amp;</span> <span class='ocrx_word' id='word_1_285' title='bbox 1527 2490 1580 2549; x_wconf 68' lang='lat' dir='ltr'>est</span> <span class='ocrx_word' id='word_1_286' title='bbox 1594 2480 1729 2573; x_wconf 75' lang='lat' dir='ltr'>fugam·</span> <span class='ocrx_word' id='word_1_287' title='bbox 1780 2480 1867 2553; x_wconf 83' lang='lat' dir='ltr'>Vidi</span> <span class='ocrx_word' id='word_1_288' title='bbox 1880 2483 1997 2569; x_wconf 85' lang='lat' dir='ltr'>enim,</span> <span class='ocrx_word' id='word_1_289' title='bbox 2023 2508 2066 2555; x_wconf 81' lang='lat' dir='ltr'>ac</span> <span class='ocrx_word' id='word_1_290' title='bbox 2086 2484 2217 2577; x_wconf 81' lang='lat' dir='ltr'>puduit</span> 
     </span>
     <span class='ocr_line' id='line_1_24' title="bbox 185 2576 2217 2679; baseline 0.003 -28"><span class='ocrx_word' id='word_1_291' title='bbox 185 2605 282 2651; x_wconf 91' lang='lat' dir='ltr'>nunc</span> <span class='ocrx_word' id='word_1_292' title='bbox 295 2580 469 2672; x_wconf 90' lang='lat' dir='ltr'>impedita</span> <span class='ocrx_word' id='word_1_293' title='bbox 484 2581 558 2650; x_wconf 89' lang='lat' dir='ltr'>illic</span> <span class='ocrx_word' id='word_1_294' title='bbox 572 2577 739 2654; x_wconf 88' lang='lat' dir='ltr'>haereret</span> <span class='ocrx_word' id='word_1_295' title='bbox 753 2584 791 2654; x_wconf 92' lang='lat' dir='ltr'>in</span> <span class='ocrx_word' id='word_1_296' title='bbox 808 2582 954 2679; x_wconf 75' lang='lat' dir='ltr'>portu.’&#39;</span> <span class='ocrx_word' id='word_1_297' title='bbox 1199 2576 1203 2675; x_wconf 70' lang='grc' dir='ltr'>ξ</span> <span class='ocrx_word' id='word_1_298' title='bbox 1228 2577 1373 2665; x_wconf 91' lang='lat' dir='ltr'>metui,</span> <span class='ocrx_word' id='word_1_299' title='bbox 1397 2577 1509 2665; x_wconf 82' lang='lat' dir='ltr'>Aiax,</span> <span class='ocrx_word' id='word_1_300' title='bbox 1542 2605 1624 2652; x_wconf 87' lang='lat' dir='ltr'>curu</span> <span class='ocrx_word' id='word_1_301' title='bbox 1647 2595 1689 2654; x_wconf 92' lang='lat' dir='ltr'>tu</span> <span class='ocrx_word' id='word_1_302' title='bbox 1711 2583 1908 2658; x_wconf 86' lang='lat' dir='ltr'>instrueres</span> <span class='ocrx_word' id='word_1_303' title='bbox 1925 2610 2077 2671; x_wconf 87' lang='lat' dir='ltr'>navem,</span> <span class='ocrx_word' id='word_1_304' title='bbox 2104 2599 2139 2657; x_wconf 92' lang='lat' dir='ltr'>et</span> <span class='ocrx_word' id='word_1_305' title='bbox 2162 2585 2217 2657; x_wconf 90' lang='lat' dir='ltr'>in·</span> 
     </span>
    </p>
   </div>
   <div class='ocr_carea' id='block_1_6' title="bbox 238 2677 2216 2798">
    <p class='ocr_par' dir='ltr' id='par_1_8' title="bbox 238 2677 2216 2798">
     <span class='ocr_line' id='line_1_25' title="bbox 238 2677 2216 2798; baseline -0.004 -32"><span class='ocrx_word' id='word_1_306' title='bbox 238 2715 395 2790; x_wconf 72' lang='lat' dir='ltr'>vewu.</span> <span class='ocrx_word' id='word_1_307' title='bbox 419 2719 545 2790; x_wconf 58' lang='lat' dir='ltr'>Mggw</span> <span class='ocrx_word' id='word_1_308' title='bbox 558 2729 591 2789; x_wconf 60' lang='lat' dir='ltr'>,g</span> <span class='ocrx_word' id='word_1_309' title='bbox 603 2723 732 2793; x_wconf 51' lang='lat' dir='ltr'>lgm,</span> <span class='ocrx_word' id='word_1_310' title='bbox 746 2726 866 2794; x_wconf 58' lang='lat' dir='ltr'>aum</span> <span class='ocrx_word' id='word_1_311' title='bbox 879 2736 995 2797; x_wconf 60' lang='lat' dir='ltr'>Mor</span> <span class='ocrx_word' id='word_1_312' title='bbox 1010 2729 1055 2796; x_wconf 57' lang='lat' dir='ltr'><strong><em>d</em></strong></span> <span class='ocrx_word' id='word_1_313' title='bbox 1069 2749 1176 2798; x_wconf 59' lang='lat' dir='ltr'>“m</span> <span class='ocrx_word' id='word_1_314' title='bbox 1226 2677 1415 2752; x_wconf 86' lang='lat' dir='ltr'>honestam</span> <span class='ocrx_word' id='word_1_315' title='bbox 1432 2681 1627 2755; x_wconf 88' lang='lat' dir='ltr'>abitionem</span> <span class='ocrx_word' id='word_1_316' title='bbox 1649 2710 1810 2778; x_wconf 86' lang='lat' dir='ltr'>parares.</span> <span class='ocrx_word' id='word_1_317' title='bbox 1860 2686 1913 2759; x_wconf 90' lang='lat' dir='ltr'>lbi</span> <span class='ocrx_word' id='word_1_318' title='bbox 1937 2714 2003 2783; x_wconf 88' lang='lat' dir='ltr'>ego</span> <span class='ocrx_word' id='word_1_319' title='bbox 2024 2688 2216 2783; x_wconf 89' lang='lat' dir='ltr'>praecipue</span> 
     </span>
    </p>
   </div>
   <div class='ocr_carea' id='block_1_7' title="bbox 185 2787 2217 2936">
    <p class='ocr_par' dir='ltr' id='par_1_9' title="bbox 185 2787 2217 2936">
     <span class='ocr_line' id='line_1_26' title="bbox 185 2787 2217 2936; baseline 0.011 -30"><span class='ocrx_word' id='word_1_320' title='bbox 185 2832 296 2930; x_wconf 81' lang='lat' dir='ltr'>Quod</span> <span class='ocrx_word' id='word_1_321' title='bbox 320 2834 560 2929; x_wconf 88' lang='lat' dir='ltr'>periculosam</span> <span class='ocrx_word' id='word_1_322' title='bbox 583 2840 713 2912; x_wconf 90' lang='lat' dir='ltr'>obierit</span> <span class='ocrx_word' id='word_1_323' title='bbox 736 2843 976 2936; x_wconf 78' lang='lat' dir='ltr'>legationem,</span> <span class='ocrx_word' id='word_1_324' title='bbox 1010 2870 1090 2917; x_wconf 90' lang='lat' dir='ltr'>cum</span> <span class='ocrx_word' id='word_1_325' title='bbox 1107 2844 1176 2916; x_wconf 88' lang='lat' dir='ltr'>Pa·</span> <span class='ocrx_word' id='word_1_326' title='bbox 1228 2795 1362 2855; x_wconf 60' lang='lat' dir='ltr'>mmm</span> <span class='ocrx_word' id='word_1_327' title='bbox 1389 2808 1428 2854; x_wconf 73' lang='lat' dir='ltr'>m</span> <span class='ocrx_word' id='word_1_328' title='bbox 1457 2787 1574 2856; x_wconf 62' lang='lat' dir='ltr'>offim</span> <span class='ocrx_word' id='word_1_329' title='bbox 1604 2789 1778 2873; x_wconf 53' lang='lat' dir='ltr'><strong>numm</strong></span> <span class='ocrx_word' id='word_1_330' title='bbox 1824 2815 1992 2861; x_wconf 49' lang='lat' dir='ltr'>‘emm</span> <span class='ocrx_word' id='word_1_331' title='bbox 2018 2795 2217 2884; x_wconf 52' lang='lat' dir='ltr'>summm</span> 
     </span>
    </p>
   </div>
   <div class='ocr_carea' id='block_1_8' title="bbox 180 2939 1179 3857">
    <p class='ocr_par' dir='ltr' id='par_1_10' title="bbox 184 2939 968 3039">
     <span class='ocr_line' id='line_1_27' title="bbox 184 2939 968 3039; baseline 0.013 -28"><span class='ocrx_word' id='word_1_332' title='bbox 184 2940 236 3013; x_wconf 87' lang='lat' dir='ltr'>ris</span> <span class='ocrx_word' id='word_1_333' title='bbox 249 2939 299 3037; x_wconf 83' lang='lat'>¹¹)</span> <span class='ocrx_word' id='word_1_334' title='bbox 322 2943 541 3014; x_wconf 90' lang='lat' dir='ltr'>accusandus</span> <span class='ocrx_word' id='word_1_335' title='bbox 556 2958 647 3016; x_wconf 85' lang='lat' dir='ltr'>esset</span> <span class='ocrx_word' id='word_1_336' title='bbox 662 2948 758 3039; x_wconf 89' lang='lat' dir='ltr'>apud</span> <span class='ocrx_word' id='word_1_337' title='bbox 773 2946 968 3021; x_wconf 82' lang='lat' dir='ltr'>Troianos.</span> 
     </span>
    </p>

    <p class='ocr_par' dir='ltr' id='par_1_11' title="bbox 180 3044 1179 3857">
     <span class='ocr_line' id='line_1_28' title="bbox 292 3044 1177 3151; baseline 0.008 -37"><span class='ocrx_word' id='word_1_338' title='bbox 292 3096 315 3128; x_wconf 92' lang='lat'>„</span> <span class='ocrx_word' id='word_1_339' title='bbox 323 3044 446 3137; x_wconf 81' lang='lat' dir='ltr'>Quid?</span> <span class='ocrx_word' id='word_1_340' title='bbox 486 3046 583 3142; x_wconf 92' lang='lat' dir='ltr'>quod</span> <span class='ocrx_word' id='word_1_341' title='bbox 611 3048 719 3149; x_wconf 87' lang='lat' dir='ltr'>etiam</span> <span class='ocrx_word' id='word_1_342' title='bbox 751 3048 1053 3151; x_wconf 66' lang='lat' dir='ltr'>periculosissima</span> <span class='ocrx_word' id='word_1_343' title='bbox 1082 3050 1177 3144; x_wconf 89' lang='lat' dir='ltr'>lega·</span> 
     </span>
     <span class='ocr_line' id='line_1_29' title="bbox 186 3146 1178 3245; baseline 0.008 -30"><span class='ocrx_word' id='word_1_344' title='bbox 186 3146 288 3216; x_wconf 84' lang='lat' dir='ltr'>tione</span> <span class='ocrx_word' id='word_1_345' title='bbox 299 3147 442 3217; x_wconf 85' lang='lat' dir='ltr'>functus</span> <span class='ocrx_word' id='word_1_346' title='bbox 464 3172 563 3231; x_wconf 91' lang='lat' dir='ltr'>sum,</span> <span class='ocrx_word' id='word_1_347' title='bbox 590 3174 670 3220; x_wconf 89' lang='lat' dir='ltr'>cum</span> <span class='ocrx_word' id='word_1_348' title='bbox 693 3151 856 3221; x_wconf 90' lang='lat' dir='ltr'>mitterer</span> <span class='ocrx_word' id='word_1_349' title='bbox 870 3152 1020 3223; x_wconf 82' lang='lat' dir='ltr'>Troiam</span> <span class='ocrx_word' id='word_1_350' title='bbox 1040 3153 1178 3245; x_wconf 90' lang='lat' dir='ltr'>legatus</span> 
     </span>
     <span class='ocr_line' id='line_1_30' title="bbox 190 3248 1178 3351; baseline 0.009 -35"><span class='ocrx_word' id='word_1_351' title='bbox 190 3248 236 3316; x_wconf 93' lang='lat' dir='ltr'>ad</span> <span class='ocrx_word' id='word_1_352' title='bbox 252 3249 511 3339; x_wconf 89' lang='lat' dir='ltr'>reposcendam</span> <span class='ocrx_word' id='word_1_353' title='bbox 528 3249 722 3320; x_wconf 87' lang='lat' dir='ltr'>Helenam:</span> <span class='ocrx_word' id='word_1_354' title='bbox 751 3253 814 3321; x_wconf 92' lang='lat' dir='ltr'>ubi</span> <span class='ocrx_word' id='word_1_355' title='bbox 845 3277 925 3323; x_wconf 89' lang='lat' dir='ltr'>cum</span> <span class='ocrx_word' id='word_1_356' title='bbox 941 3253 1084 3351; x_wconf 79' lang='lat' dir='ltr'>Paridis</span> <span class='ocrx_word' id='word_1_357' title='bbox 1105 3279 1178 3325; x_wconf 89' lang='lat' dir='ltr'>sce·</span> 
     </span>
     <span class='ocr_line' id='line_1_31' title="bbox 186 3348 1178 3448; baseline 0.008 -30"><span class='ocrx_word' id='word_1_358' title='bbox 186 3350 266 3432; x_wconf 88' lang='lat' dir='ltr'>lus,</span> <span class='ocrx_word' id='word_1_359' title='bbox 300 3360 337 3417; x_wconf 92' lang='lat' dir='ltr'>et</span> <span class='ocrx_word' id='word_1_360' title='bbox 356 3349 474 3440; x_wconf 89' lang='lat' dir='ltr'>ipsum</span> <span class='ocrx_word' id='word_1_361' title='bbox 498 3348 629 3420; x_wconf 89' lang='lat' dir='ltr'>acriter</span> <span class='ocrx_word' id='word_1_362' title='bbox 652 3375 889 3438; x_wconf 74' lang='lat' dir='ltr'>recusassem,</span> <span class='ocrx_word' id='word_1_363' title='bbox 923 3368 959 3425; x_wconf 90' lang='lat' dir='ltr'>et</span> <span class='ocrx_word' id='word_1_364' title='bbox 982 3357 1178 3448; x_wconf 87' lang='lat' dir='ltr'>permovis-</span> 
     </span>
     <span class='ocr_line' id='line_1_32' title="bbox 191 3449 1178 3550; baseline 0.007 -28"><span class='ocrx_word' id='word_1_365' title='bbox 191 3472 266 3523; x_wconf 90' lang='lat' dir='ltr'>sem</span> <span class='ocrx_word' id='word_1_366' title='bbox 289 3449 476 3521; x_wconf 88' lang='lat' dir='ltr'>Priamum</span> <span class='ocrx_word' id='word_1_367' title='bbox 499 3465 535 3524; x_wconf 90' lang='lat' dir='ltr'>et</span> <span class='ocrx_word' id='word_1_368' title='bbox 553 3451 796 3526; x_wconf 86' lang='lat' dir='ltr'>Antenorem:</span> <span class='ocrx_word' id='word_1_369' title='bbox 830 3456 891 3527; x_wconf 86' lang='lat' dir='ltr'>vix</span> <span class='ocrx_word' id='word_1_370' title='bbox 914 3457 1022 3550; x_wconf 85' lang='lat' dir='ltr'>effugi</span> <span class='ocrx_word' id='word_1_371' title='bbox 1042 3459 1178 3529; x_wconf 79' lang='lat' dir='ltr'>riolcu-</span> 
     </span>
     <span class='ocr_line' id='line_1_33' title="bbox 191 3551 1179 3654; baseline 0.006 -30"><span class='ocrx_word' id='word_1_372' title='bbox 191 3552 280 3624; x_wconf 92' lang='lat' dir='ltr'>tiam</span> <span class='ocrx_word' id='word_1_373' title='bbox 306 3551 449 3625; x_wconf 88' lang='lat' dir='ltr'>Paridis</span> <span class='ocrx_word' id='word_1_374' title='bbox 473 3566 509 3628; x_wconf 90' lang='lat' dir='ltr'>et</span> <span class='ocrx_word' id='word_1_375' title='bbox 533 3557 709 3644; x_wconf 86' lang='lat' dir='ltr'>aliorum,</span> <span class='ocrx_word' id='word_1_376' title='bbox 735 3559 799 3654; x_wconf 91' lang='lat' dir='ltr'>qui</span> <span class='ocrx_word' id='word_1_377' title='bbox 819 3557 911 3631; x_wconf 90' lang='lat' dir='ltr'>mibi</span> <span class='ocrx_word' id='word_1_378' title='bbox 931 3561 1087 3632; x_wconf 76' lang='lat' dir='ltr'>nefarias</span> <span class='ocrx_word' id='word_1_379' title='bbox 1104 3585 1179 3631; x_wconf 91' lang='lat' dir='ltr'>ma-</span> 
     </span>
     <span class='ocr_line' id='line_1_34' title="bbox 191 3656 1179 3749; baseline 0.006 -21"><span class='ocrx_word' id='word_1_380' title='bbox 191 3680 260 3729; x_wconf 90' lang='lat' dir='ltr'>nus</span> <span class='ocrx_word' id='word_1_381' title='bbox 274 3656 406 3730; x_wconf 81' lang='lat' dir='ltr'>inferre</span> <span class='ocrx_word' id='word_1_382' title='bbox 422 3664 667 3748; x_wconf 89' lang='lat' dir='ltr'>conabantur,</span> <span class='ocrx_word' id='word_1_383' title='bbox 692 3661 797 3735; x_wconf 90' lang='lat' dir='ltr'>sicuti</span> <span class='ocrx_word' id='word_1_384' title='bbox 812 3675 851 3735; x_wconf 91' lang='lat' dir='ltr'>tu</span> <span class='ocrx_word' id='word_1_385' title='bbox 864 3664 980 3749; x_wconf 88' lang='lat' dir='ltr'>nosti,</span> <span class='ocrx_word' id='word_1_386' title='bbox 1004 3663 1179 3749; x_wconf 88' lang='lat' dir='ltr'>Menelae,</span> 
     </span>
     <span class='ocr_line' id='line_1_35' title="bbox 180 3756 1131 3857; baseline 0.006 -28"><span class='ocrx_word' id='word_1_387' title='bbox 180 3756 256 3857; x_wconf 86' lang='lat' dir='ltr'>&#39;qui</span> <span class='ocrx_word' id='word_1_388' title='bbox 273 3761 432 3846; x_wconf 79' lang='lat' dir='ltr'>eiusdem</span> <span class='ocrx_word' id='word_1_389' title='bbox 447 3763 636 3854; x_wconf 90' lang='lat' dir='ltr'>legationis</span> <span class='ocrx_word' id='word_1_390' title='bbox 652 3776 688 3833; x_wconf 91' lang='lat' dir='ltr'>et</span> <span class='ocrx_word' id='word_1_391' title='bbox 703 3765 852 3856; x_wconf 88' lang='lat' dir='ltr'>periculi</span> <span class='ocrx_word' id='word_1_392' title='bbox 866 3768 983 3838; x_wconf 88' lang='lat' dir='ltr'>socius</span> <span class='ocrx_word' id='word_1_393' title='bbox 997 3763 1131 3838; x_wconf 80' lang='lat' dir='ltr'>inisti.”</span> 
     </span>
    </p>
   </div>
   <div class='ocr_carea' id='block_1_9' title="bbox 243 3940 1181 4046">
    <p class='ocr_par' dir='ltr' id='par_1_12' title="bbox 243 3940 1181 4046">
     <span class='ocr_line' id='line_1_36' title="bbox 243 3940 1181 4046; baseline 0.009 -35"><span class='ocrx_word' id='word_1_394' title='bbox 243 3940 306 4012; x_wconf 85' lang='lat' dir='ltr'>Vs.</span> <span class='ocrx_word' id='word_1_395' title='bbox 322 3941 411 4016; x_wconf 76' lang='lat'>206.</span> <span class='ocrx_word' id='word_1_396' title='bbox 438 3948 558 4033; x_wconf 75' lang='lat' dir='ltr'>Longa</span> <span class='ocrx_word' id='word_1_397' title='bbox 573 3945 703 4033; x_wconf 78' lang='lat' dir='ltr'>referre</span> <span class='ocrx_word' id='word_1_398' title='bbox 722 3970 818 4018; x_wconf 80' lang='lat' dir='ltr'>mora</span> <span class='ocrx_word' id='word_1_399' title='bbox 835 3961 902 4035; x_wconf 86' lang='lat' dir='ltr'>est,</span> <span class='ocrx_word' id='word_1_400' title='bbox 921 3976 1007 4046; x_wconf 77' lang='lat' dir='ltr'>quse</span> <span class='ocrx_word' id='word_1_401' title='bbox 1021 3958 1181 4029; x_wconf 60' lang='lat' dir='ltr'>eomas-</span> 
     </span>
    </p>
   </div>
   <div class='ocr_carea' id='block_1_10' title="bbox 192 4069 1180 4663">
    <p class='ocr_par' dir='ltr' id='par_1_13' title="bbox 193 4069 1180 4353">
     <span class='ocr_line' id='line_1_37' title="bbox 502 4069 784 4142; baseline 0.025 -29"><span class='ocrx_word' id='word_1_402' title='bbox 502 4069 582 4137; x_wconf 81' lang='lat' dir='ltr'>quc,</span> <span class='ocrx_word' id='word_1_403' title='bbox 608 4070 784 4142; x_wconf 76' lang='lat' dir='ltr'>manuque.</span> 
     </span>
     <span class='ocr_line' id='line_1_38' title="bbox 193 4157 1180 4267; baseline 0.017 -36"><span class='ocrx_word' id='word_1_404' title='bbox 193 4157 388 4251; x_wconf 82' lang='lat' dir='ltr'>Congeries</span> <span class='ocrx_word' id='word_1_405' title='bbox 406 4159 601 4233; x_wconf 91' lang='lat' dir='ltr'>multarum</span> <span class='ocrx_word' id='word_1_406' title='bbox 626 4186 766 4253; x_wconf 89' lang='lat' dir='ltr'>rerum,</span> <span class='ocrx_word' id='word_1_407' title='bbox 793 4167 922 4263; x_wconf 90' lang='lat' dir='ltr'>quibus</span> <span class='ocrx_word' id='word_1_408' title='bbox 943 4197 981 4243; x_wconf 91' lang='lat' dir='ltr'>se</span> <span class='ocrx_word' id='word_1_409' title='bbox 1006 4175 1180 4267; x_wconf 84' lang='lat' dir='ltr'>profuisse</span> 
     </span>
     <span class='ocr_line' id='line_1_39' title="bbox 193 4261 700 4353; baseline 0.01 -20"><span class='ocrx_word' id='word_1_410' title='bbox 193 4261 412 4353; x_wconf 88' lang='lat' dir='ltr'>reipublicae</span> <span class='ocrx_word' id='word_1_411' title='bbox 428 4281 700 4340; x_wconf 89' lang='lat' dir='ltr'>commemorat.</span> 
     </span>
    </p>

    <p class='ocr_par' dir='ltr' id='par_1_14' title="bbox 192 4362 1179 4663">
     <span class='ocr_line' id='line_1_40' title="bbox 298 4362 1179 4475; baseline 0.022 -43"><span class='ocrx_word' id='word_1_412' title='bbox 298 4362 497 4458; x_wconf 86' lang='lat' dir='ltr'>„Longum</span> <span class='ocrx_word' id='word_1_413' title='bbox 521 4381 573 4439; x_wconf 90' lang='lat' dir='ltr'>est</span> <span class='ocrx_word' id='word_1_414' title='bbox 595 4395 879 4445; x_wconf 91' lang='lat' dir='ltr'>commemorare</span> <span class='ocrx_word' id='word_1_415' title='bbox 903 4377 1047 4464; x_wconf 89' lang='lat' dir='ltr'>omnia,</span> <span class='ocrx_word' id='word_1_416' title='bbox 1087 4404 1179 4475; x_wconf 91' lang='lat' dir='ltr'>quae</span> 
     </span>
     <span class='ocr_line' id='line_1_41' title="bbox 192 4466 1179 4561; baseline 0.016 -23"><span class='ocrx_word' id='word_1_417' title='bbox 192 4478 272 4538; x_wconf 94' lang='lat' dir='ltr'>toto</span> <span class='ocrx_word' id='word_1_418' title='bbox 287 4466 351 4538; x_wconf 90' lang='lat' dir='ltr'>illo</span> <span class='ocrx_word' id='word_1_419' title='bbox 369 4480 533 4561; x_wconf 91' lang='lat' dir='ltr'>tempore</span> <span class='ocrx_word' id='word_1_420' title='bbox 552 4496 633 4542; x_wconf 91' lang='lat' dir='ltr'>cum</span> <span class='ocrx_word' id='word_1_421' title='bbox 651 4473 821 4548; x_wconf 83' lang='lat' dir='ltr'>&#39;l&#39;roiauis</span> <span class='ocrx_word' id='word_1_422' title='bbox 845 4476 885 4546; x_wconf 92' lang='lat' dir='ltr'>in</span> <span class='ocrx_word' id='word_1_423' title='bbox 904 4480 1091 4554; x_wconf 87' lang='lat' dir='ltr'>obsidione</span> <span class='ocrx_word' id='word_1_424' title='bbox 1116 4479 1179 4553; x_wconf 92' lang='lat' dir='ltr'>ha-</span> 
     </span>
     <span class='ocr_line' id='line_1_42' title="bbox 192 4570 1177 4663; baseline 0.014 -22"><span class='ocrx_word' id='word_1_425' title='bbox 192 4570 357 4655; x_wconf 91' lang='lat' dir='ltr'>buimus,</span> <span class='ocrx_word' id='word_1_426' title='bbox 399 4573 534 4643; x_wconf 88' lang='lat' dir='ltr'>utiliter</span> <span class='ocrx_word' id='word_1_427' title='bbox 562 4577 741 4663; x_wconf 91' lang='lat' dir='ltr'>consului,</span> <span class='ocrx_word' id='word_1_428' title='bbox 782 4603 824 4648; x_wconf 90' lang='lat' dir='ltr'>ac</span> <span class='ocrx_word' id='word_1_429' title='bbox 853 4604 965 4653; x_wconf 89' lang='lat' dir='ltr'>manu</span> <span class='ocrx_word' id='word_1_430' title='bbox 988 4608 1066 4654; x_wconf 89' lang='lat' dir='ltr'>mea</span> <span class='ocrx_word' id='word_1_431' title='bbox 1092 4586 1177 4656; x_wconf 82' lang='lat' dir='ltr'>ieci:</span> 
     </span>
    </p>
   </div>
   <div class='ocr_carea' id='block_1_11' title="bbox 191 4668 1242 4779">
    <p class='ocr_par' dir='ltr' id='par_1_15' title="bbox 191 4668 1242 4779">
     <span class='ocr_line' id='line_1_43' title="bbox 191 4668 1242 4779; baseline 0.016 -35"><span class='ocrx_word' id='word_1_432' title='bbox 191 4668 314 4745; x_wconf 90' lang='lat' dir='ltr'>hostes</span> <span class='ocrx_word' id='word_1_433' title='bbox 340 4673 446 4745; x_wconf 90' lang='lat' dir='ltr'>initio</span> <span class='ocrx_word' id='word_1_434' title='bbox 467 4675 552 4745; x_wconf 90' lang='lat' dir='ltr'>belli</span> <span class='ocrx_word' id='word_1_435' title='bbox 576 4678 716 4774; x_wconf 91' lang='lat' dir='ltr'>aliquot</span> <span class='ocrx_word' id='word_1_436' title='bbox 743 4681 890 4772; x_wconf 90' lang='lat' dir='ltr'>proeliis</span> <span class='ocrx_word' id='word_1_437' title='bbox 912 4685 1085 4779; x_wconf 90' lang='lat' dir='ltr'>repressi,</span> <span class='ocrx_word' id='word_1_438' title='bbox 1104 4688 1179 4760; x_wconf 85' lang='lat' dir='ltr'>¹diu</span> <span class='ocrx_word' id='word_1_439' title='bbox 1233 4731 1242 4747; x_wconf 94' lang='lat'><strong>·</strong></span> 
     </span>
    </p>
   </div>
   <div class='ocr_carea' id='block_1_12' title="bbox 194 4776 1177 4972">
    <p class='ocr_par' dir='ltr' id='par_1_16' title="bbox 194 4776 1177 4972">
     <span class='ocr_line' id='line_1_44' title="bbox 194 4776 1177 4877; baseline 0.014 -32"><span class='ocrx_word' id='word_1_440' title='bbox 194 4776 385 4848; x_wconf 86' lang='lat' dir='ltr'>moenibus</span> <span class='ocrx_word' id='word_1_441' title='bbox 408 4802 446 4848; x_wconf 93' lang='lat' dir='ltr'>se</span> <span class='ocrx_word' id='word_1_442' title='bbox 466 4779 741 4867; x_wconf 87' lang='lat' dir='ltr'>continuerunt,</span> <span class='ocrx_word' id='word_1_443' title='bbox 764 4807 831 4854; x_wconf 91' lang='lat' dir='ltr'>nec</span> <span class='ocrx_word' id='word_1_444' title='bbox 845 4798 969 4877; x_wconf 90' lang='lat' dir='ltr'>postea</span> <span class='ocrx_word' id='word_1_445' title='bbox 991 4788 1177 4862; x_wconf 88' lang='lat' dir='ltr'>nobiscum</span> 
     </span>
     <span class='ocr_line' id='line_1_45' title="bbox 194 4879 1176 4972; baseline 0.016 -22"><span class='ocrx_word' id='word_1_446' title='bbox 194 4890 322 4972; x_wconf 86' lang='lat' dir='ltr'>aperto</span> <span class='ocrx_word' id='word_1_447' title='bbox 343 4879 460 4952; x_wconf 88' lang='lat' dir='ltr'>Marte</span> <span class='ocrx_word' id='word_1_448' title='bbox 481 4882 738 4970; x_wconf 83' lang='lat' dir='ltr'>conflixerunt,</span> <span class='ocrx_word' id='word_1_449' title='bbox 776 4886 847 4959; x_wconf 89' lang='lat' dir='ltr'>nisi</span> <span class='ocrx_word' id='word_1_450' title='bbox 871 4889 1011 4961; x_wconf 90' lang='lat' dir='ltr'>decimo</span> <span class='ocrx_word' id='word_1_451' title='bbox 1031 4892 1176 4966; x_wconf 89' lang='lat' dir='ltr'>demum</span> 
     </span>
    </p>
   </div>
   <div class='ocr_carea' id='block_1_13' title="bbox 185 4982 1178 5289">
    <p class='ocr_par' dir='ltr' id='par_1_17' title="bbox 185 4982 1178 5289">
     <span class='ocr_line' id='line_1_46' title="bbox 195 4982 1178 5082; baseline 0.018 -31"><span class='ocrx_word' id='word_1_452' title='bbox 195 5003 305 5053; x_wconf 84' lang='lat' dir='ltr'>anuo.</span> <span class='ocrx_word' id='word_1_453' title='bbox 357 4982 456 5077; x_wconf 83' lang='lat' dir='ltr'>Quid</span> <span class='ocrx_word' id='word_1_454' title='bbox 474 4998 515 5056; x_wconf 92' lang='lat' dir='ltr'>tu</span> <span class='ocrx_word' id='word_1_455' title='bbox 528 4985 687 5073; x_wconf 88' lang='lat' dir='ltr'>interea,</span> <span class='ocrx_word' id='word_1_456' title='bbox 713 4987 776 5082; x_wconf 89' lang='lat' dir='ltr'>qui</span> <span class='ocrx_word' id='word_1_457' title='bbox 793 5013 904 5062; x_wconf 87' lang='lat' dir='ltr'>manu</span> <span class='ocrx_word' id='word_1_458' title='bbox 929 5004 1070 5066; x_wconf 70' lang='lat' dir='ltr'>unium</span> <span class='ocrx_word' id='word_1_459' title='bbox 1086 5008 1178 5068; x_wconf 89' lang='lat' dir='ltr'>stre·</span> 
     </span>
     <span class='ocr_line' id='line_1_47' title="bbox 185 5087 1178 5185; baseline 0.013 -31"><span class='ocrx_word' id='word_1_460' title='bbox 185 5107 289 5156; x_wconf 88' lang='lat' dir='ltr'>-uuus</span> <span class='ocrx_word' id='word_1_461' title='bbox 303 5109 360 5170; x_wconf 88' lang='lat' dir='ltr'>es,</span> <span class='ocrx_word' id='word_1_462' title='bbox 387 5087 474 5181; x_wconf 93' lang='lat' dir='ltr'>quid</span> <span class='ocrx_word' id='word_1_463' title='bbox 487 5089 628 5161; x_wconf 82' lang='lat' dir='ltr'>fecisti?</span> <span class='ocrx_word' id='word_1_464' title='bbox 654 5089 735 5185; x_wconf 92' lang='lat' dir='ltr'>quis</span> <span class='ocrx_word' id='word_1_465' title='bbox 750 5090 804 5162; x_wconf 92' lang='lat' dir='ltr'>tui</span> <span class='ocrx_word' id='word_1_466' title='bbox 818 5092 886 5164; x_wconf 87' lang='lat' dir='ltr'>luit</span> <span class='ocrx_word' id='word_1_467' title='bbox 902 5117 987 5168; x_wconf 88' lang='lat' dir='ltr'>usus</span> <span class='ocrx_word' id='word_1_468' title='bbox 1002 5109 1077 5169; x_wconf 88' lang='lat' dir='ltr'>tam</span> <span class='ocrx_word' id='word_1_469' title='bbox 1099 5099 1178 5171; x_wconf 71' lang='lat' dir='ltr'>diu.</span> 
     </span>
     <span class='ocr_line' id='line_1_48' title="bbox 186 5190 1177 5289; baseline 0.014 -32"><span class='ocrx_word' id='word_1_470' title='bbox 186 5199 305 5258; x_wconf 89' lang='lat' dir='ltr'>-turno</span> <span class='ocrx_word' id='word_1_471' title='bbox 323 5190 510 5282; x_wconf 83' lang='lat' dir='ltr'>tempore?</span> <span class='ocrx_word' id='word_1_472' title='bbox 536 5190 574 5261; x_wconf 90' lang='lat' dir='ltr'>Si</span> <span class='ocrx_word' id='word_1_473' title='bbox 590 5215 677 5263; x_wconf 90' lang='lat' dir='ltr'>vero</span> <span class='ocrx_word' id='word_1_474' title='bbox 691 5193 864 5285; x_wconf 86' lang='lat' dir='ltr'>requiris,</span> <span class='ocrx_word' id='word_1_475' title='bbox 889 5198 975 5289; x_wconf 88' lang='lat' dir='ltr'>quid</span> <span class='ocrx_word' id='word_1_476' title='bbox 992 5198 1068 5289; x_wconf 91' lang='lat' dir='ltr'>ipse</span> <span class='ocrx_word' id='word_1_477' title='bbox 1088 5203 1177 5273; x_wconf 87' lang='lat' dir='ltr'>iece-</span> 
     </span>
    </p>
   </div>
   <div class='ocr_carea' id='block_1_14' title="bbox 187 5422 1041 5511">
    <p class='ocr_par' dir='ltr' id='par_1_18' title="bbox 187 5422 1041 5511">
     <span class='ocr_line' id='line_1_49' title="bbox 187 5422 1041 5511; baseline 0.014 -20"><span class='ocrx_word' id='word_1_478' title='bbox 187 5428 190 5433; x_wconf 59' lang='grc'><strong>’</strong></span> <span class='ocrx_word' id='word_1_479' title='bbox 209 5422 214 5445; x_wconf 65' lang='lat'><em>³</em></span> <span class='ocrx_word' id='word_1_480' title='bbox 232 5441 279 5507; x_wconf 85' lang='lat' dir='ltr'>tl)</span> <span class='ocrx_word' id='word_1_481' title='bbox 297 5439 391 5506; x_wconf 78' lang='lat' dir='ltr'>Paris]</span> <span class='ocrx_word' id='word_1_482' title='bbox 408 5440 450 5490; x_wconf 85' lang='lat' dir='ltr'>sie</span> <span class='ocrx_word' id='word_1_483' title='bbox 467 5437 550 5490; x_wconf 74' lang='lat' dir='ltr'>tritt.</span> <span class='ocrx_word' id='word_1_484' title='bbox 567 5443 659 5511; x_wconf 58' lang='grc' dir='ltr'>κως</span> <span class='ocrx_word' id='word_1_485' title='bbox 677 5444 726 5497; x_wconf 75' lang='lat' dir='ltr'>lid.</span> <span class='ocrx_word' id='word_1_486' title='bbox 742 5442 817 5495; x_wconf 72' lang='lat'>15⁶9.</span> <span class='ocrx_word' id='word_1_487' title='bbox 837 5447 925 5499; x_wconf 75' lang='lat' dir='ltr'>nats:</span> <span class='ocrx_word' id='word_1_488' title='bbox 942 5448 1041 5502; x_wconf 83' lang='lat' dir='ltr'>l’ttrls.</span> 
     </span>
    </p>
   </div>
   <div class='ocr_carea' id='block_1_15' title="bbox 1229 2888 2221 4319">
    <p class='ocr_par' dir='ltr' id='par_1_19' title="bbox 1229 2888 2221 4319">
     <span class='ocr_line' id='line_1_50' title="bbox 1229 2888 2221 2978; baseline 0.007 -22"><span class='ocrx_word' id='word_1_489' title='bbox 1229 2888 1433 2978; x_wconf 90' lang='lat' dir='ltr'>compescui</span> <span class='ocrx_word' id='word_1_490' title='bbox 1460 2889 1601 2960; x_wconf 86' lang='lat' dir='ltr'>acribus</span> <span class='ocrx_word' id='word_1_491' title='bbox 1634 2892 1752 2963; x_wconf 88' lang='lat' dir='ltr'>verbis</span> <span class='ocrx_word' id='word_1_492' title='bbox 1777 2904 2021 2973; x_wconf 89' lang='lat' dir='ltr'>contumaces,</span> <span class='ocrx_word' id='word_1_493' title='bbox 2062 2907 2101 2961; x_wconf 86' lang='lat' dir='ltr'>et</span> <span class='ocrx_word' id='word_1_494' title='bbox 2128 2893 2221 2975; x_wconf 83' lang='lat' dir='ltr'>dixi,</span> 
     </span>
     <span class='ocr_line' id='line_1_51' title="bbox 1229 2991 2221 3087; baseline 0.005 -30"><span class='ocrx_word' id='word_1_495' title='bbox 1229 3013 1275 3058; x_wconf 87' lang='lat' dir='ltr'>ne</span> <span class='ocrx_word' id='word_1_496' title='bbox 1292 3003 1374 3083; x_wconf 91' lang='lat' dir='ltr'>post</span> <span class='ocrx_word' id='word_1_497' title='bbox 1390 2991 1481 3059; x_wconf 88' lang='lat' dir='ltr'>tanti</span> <span class='ocrx_word' id='word_1_498' title='bbox 1499 2993 1670 3084; x_wconf 87' lang='lat' dir='ltr'>temporis</span> <span class='ocrx_word' id='word_1_499' title='bbox 1691 3015 1829 3062; x_wconf 90' lang='lat' dir='ltr'>moram</span> <span class='ocrx_word' id='word_1_500' title='bbox 1850 2992 2094 3087; x_wconf 89' lang='lat' dir='ltr'>relinquerent</span> <span class='ocrx_word' id='word_1_501' title='bbox 2116 2994 2221 3064; x_wconf 90' lang='lat' dir='ltr'>obsi·</span> 
     </span>
     <span class='ocr_line' id='line_1_52' title="bbox 1230 3089 2221 3189; baseline 0.004 -29"><span class='ocrx_word' id='word_1_502' title='bbox 1230 3091 1396 3176; x_wconf 91' lang='lat' dir='ltr'>dionem,</span> <span class='ocrx_word' id='word_1_503' title='bbox 1425 3115 1565 3189; x_wconf 84' lang='lat' dir='ltr'>proque</span> <span class='ocrx_word' id='word_1_504' title='bbox 1588 3094 1735 3165; x_wconf 89' lang='lat' dir='ltr'>victoria</span> <span class='ocrx_word' id='word_1_505' title='bbox 1757 3116 1802 3164; x_wconf 85' lang='lat' dir='ltr'>ex</span> <span class='ocrx_word' id='word_1_506' title='bbox 1819 3089 2000 3180; x_wconf 87' lang='lat' dir='ltr'>hostibus,</span> <span class='ocrx_word' id='word_1_507' title='bbox 2025 3095 2221 3188; x_wconf 87' lang='lat' dir='ltr'>sempiter-</span> 
     </span>
     <span class='ocr_line' id='line_1_53' title="bbox 1229 3193 2220 3289; baseline 0.004 -26"><span class='ocrx_word' id='word_1_508' title='bbox 1229 3218 1316 3264; x_wconf 92' lang='lat' dir='ltr'>num</span> <span class='ocrx_word' id='word_1_509' title='bbox 1330 3195 1482 3266; x_wconf 87' lang='lat' dir='ltr'>dedecus</span> <span class='ocrx_word' id='word_1_510' title='bbox 1500 3209 1737 3288; x_wconf 83' lang='lat' dir='ltr'>reportarent.</span> <span class='ocrx_word' id='word_1_511' title='bbox 1786 3193 1902 3267; x_wconf 85' lang='lat' dir='ltr'>Dolor</span> <span class='ocrx_word' id='word_1_512' title='bbox 1918 3197 2014 3267; x_wconf 90' lang='lat' dir='ltr'>enim</span> <span class='ocrx_word' id='word_1_513' title='bbox 2031 3208 2121 3266; x_wconf 90' lang='lat' dir='ltr'>tunc</span> <span class='ocrx_word' id='word_1_514' title='bbox 2138 3221 2220 3289; x_wconf 88' lang='lat' dir='ltr'>sug·</span> 
     </span>
     <span class='ocr_line' id='line_1_54' title="bbox 1229 3291 2221 3392; baseline 0.003 -26"><span class='ocrx_word' id='word_1_515' title='bbox 1229 3299 1376 3389; x_wconf 86' lang='lat' dir='ltr'>gerebat</span> <span class='ocrx_word' id='word_1_516' title='bbox 1391 3291 1482 3369; x_wconf 90' lang='lat' dir='ltr'>mihi</span> <span class='ocrx_word' id='word_1_517' title='bbox 1496 3299 1718 3386; x_wconf 90' lang='lat' dir='ltr'>orationem,</span> <span class='ocrx_word' id='word_1_518' title='bbox 1739 3324 1808 3392; x_wconf 90' lang='lat' dir='ltr'>pro</span> <span class='ocrx_word' id='word_1_519' title='bbox 1824 3300 2007 3392; x_wconf 90' lang='lat' dir='ltr'>republica</span> <span class='ocrx_word' id='word_1_520' title='bbox 2021 3298 2221 3381; x_wconf 88' lang='lat' dir='ltr'>laboranti,</span> 
     </span>
     <span class='ocr_line' id='line_1_55' title="bbox 1231 3400 2219 3497; baseline 0.003 -31"><span class='ocrx_word' id='word_1_521' title='bbox 1231 3400 1376 3493; x_wconf 91' lang='lat' dir='ltr'>nequid</span> <span class='ocrx_word' id='word_1_522' title='bbox 1391 3401 1491 3469; x_wconf 84' lang='lat' dir='ltr'>fieret</span> <span class='ocrx_word' id='word_1_523' title='bbox 1512 3413 1614 3472; x_wconf 89' lang='lat' dir='ltr'>tanto</span> <span class='ocrx_word' id='word_1_524' title='bbox 1636 3403 1791 3473; x_wconf 84' lang='lat' dir='ltr'>exercitu</span> <span class='ocrx_word' id='word_1_525' title='bbox 1811 3402 2023 3494; x_wconf 88' lang='lat' dir='ltr'>indignum,</span> <span class='ocrx_word' id='word_1_526' title='bbox 2048 3403 2151 3497; x_wconf 90' lang='lat' dir='ltr'>quod</span> <span class='ocrx_word' id='word_1_527' title='bbox 2173 3401 2219 3469; x_wconf 84' lang='lat' dir='ltr'>ad</span> 
     </span>
     <span class='ocr_line' id='line_1_56' title="bbox 1233 3501 2220 3598; baseline -0.002 -26"><span class='ocrx_word' id='word_1_528' title='bbox 1233 3501 1476 3592; x_wconf 84' lang='lat' dir='ltr'>posteritatem</span> <span class='ocrx_word' id='word_1_529' title='bbox 1491 3503 1596 3575; x_wconf 91' lang='lat' dir='ltr'>nobis</span> <span class='ocrx_word' id='word_1_530' title='bbox 1613 3506 1782 3578; x_wconf 89' lang='lat' dir='ltr'>omnibus</span> <span class='ocrx_word' id='word_1_531' title='bbox 1798 3504 1945 3576; x_wconf 79' lang='lat' dir='ltr'>afferret</span> <span class='ocrx_word' id='word_1_532' title='bbox 1966 3503 2220 3598; x_wconf 88' lang='lat' dir='ltr'>ignominiam.</span> 
     </span>
     <span class='ocr_line' id='line_1_57' title="bbox 1230 3602 2218 3701; baseline -0.001 -27"><span class='ocrx_word' id='word_1_533' title='bbox 1230 3602 1393 3698; x_wconf 84' lang='lat' dir='ltr'>Cumque</span> <span class='ocrx_word' id='word_1_534' title='bbox 1422 3603 1675 3697; x_wconf 88' lang='lat' dir='ltr'>Agamemnon</span> <span class='ocrx_word' id='word_1_535' title='bbox 1707 3619 1922 3679; x_wconf 81' lang='lat' dir='ltr'>convocaret</span> <span class='ocrx_word' id='word_1_536' title='bbox 1956 3605 2137 3701; x_wconf 90' lang='lat' dir='ltr'>principes</span> <span class='ocrx_word' id='word_1_537' title='bbox 2170 3604 2218 3673; x_wconf 89' lang='lat' dir='ltr'>ad</span> 
     </span>
     <span class='ocr_line' id='line_1_58' title="bbox 1231 3704 2217 3800; baseline -0.006 -21"><span class='ocrx_word' id='word_1_538' title='bbox 1231 3708 1427 3779; x_wconf 90' lang='lat' dir='ltr'>sedandum</span> <span class='ocrx_word' id='word_1_539' title='bbox 1444 3707 1686 3782; x_wconf 86' lang='lat' dir='ltr'>multitudinis</span> <span class='ocrx_word' id='word_1_540' title='bbox 1707 3723 1869 3798; x_wconf 87' lang='lat' dir='ltr'>motum,</span> <span class='ocrx_word' id='word_1_541' title='bbox 1899 3732 1945 3781; x_wconf 88' lang='lat' dir='ltr'>ne</span> <span class='ocrx_word' id='word_1_542' title='bbox 1966 3721 2040 3780; x_wconf 81' lang='lat' dir='ltr'>torn</span> <span class='ocrx_word' id='word_1_543' title='bbox 2062 3704 2217 3800; x_wconf 88' lang='lat' dir='ltr'>quidem</span> 
     </span>
     <span class='ocr_line' id='line_1_59' title="bbox 1231 3804 2219 3905; baseline -0.001 -28"><span class='ocrx_word' id='word_1_544' title='bbox 1231 3809 1322 3878; x_wconf 84' lang='lat' dir='ltr'>Aiax</span> <span class='ocrx_word' id='word_1_545' title='bbox 1346 3804 1491 3894; x_wconf 89' lang='lat' dir='ltr'>habuit,</span> <span class='ocrx_word' id='word_1_546' title='bbox 1532 3812 1630 3905; x_wconf 93' lang='lat' dir='ltr'>quod</span> <span class='ocrx_word' id='word_1_547' title='bbox 1653 3811 1693 3883; x_wconf 89' lang='lat' dir='ltr'>in</span> <span class='ocrx_word' id='word_1_548' title='bbox 1715 3812 1875 3884; x_wconf 89' lang='lat' dir='ltr'>medium</span> <span class='ocrx_word' id='word_1_549' title='bbox 1900 3810 2121 3891; x_wconf 89' lang='lat' dir='ltr'>consuleret,</span> <span class='ocrx_word' id='word_1_550' title='bbox 2160 3806 2219 3877; x_wconf 79' lang='lat' dir='ltr'>rel</span> 
     </span>
     <span class='ocr_line' id='line_1_60' title="bbox 1231 3906 2217 4008; baseline -0.003 -27"><span class='ocrx_word' id='word_1_551' title='bbox 1231 3911 1459 3982; x_wconf 91' lang='lat' dir='ltr'>solummodo</span> <span class='ocrx_word' id='word_1_552' title='bbox 1484 3906 1648 3986; x_wconf 85' lang='lat' dir='ltr'>hisceret.</span> <span class='ocrx_word' id='word_1_553' title='bbox 1686 3914 1791 4008; x_wconf 63' lang='lat' dir='ltr'>xligo</span> <span class='ocrx_word' id='word_1_554' title='bbox 1817 3939 1904 3987; x_wconf 89' lang='lat' dir='ltr'>vero</span> <span class='ocrx_word' id='word_1_555' title='bbox 1932 3937 2008 3984; x_wconf 92' lang='lat' dir='ltr'>non</span> <span class='ocrx_word' id='word_1_556' title='bbox 2036 3910 2158 3983; x_wconf 90' lang='lat' dir='ltr'>solum</span> <span class='ocrx_word' id='word_1_557' title='bbox 2179 3908 2217 3979; x_wconf 91' lang='lat' dir='ltr'>iu</span> 
     </span>
     <span class='ocr_line' id='line_1_61' title="bbox 1232 4012 2216 4109; baseline 0.001 -25"><span class='ocrx_word' id='word_1_558' title='bbox 1232 4012 1382 4084; x_wconf 91' lang='lat' dir='ltr'>consilio</span> <span class='ocrx_word' id='word_1_559' title='bbox 1396 4014 1491 4101; x_wconf 88' lang='lat' dir='ltr'>dixi,</span> <span class='ocrx_word' id='word_1_560' title='bbox 1517 4040 1610 4109; x_wconf 86' lang='lat' dir='ltr'>quae</span> <span class='ocrx_word' id='word_1_561' title='bbox 1635 4019 1863 4109; x_wconf 89' lang='lat' dir='ltr'>prodessent,</span> <span class='ocrx_word' id='word_1_562' title='bbox 1888 4017 1951 4088; x_wconf 88' lang='lat' dir='ltr'>sed</span> <span class='ocrx_word' id='word_1_563' title='bbox 1976 4027 2014 4085; x_wconf 87' lang='lat' dir='ltr'>et</span> <span class='ocrx_word' id='word_1_564' title='bbox 2036 4012 2216 4085; x_wconf 84' lang='lat' dir='ltr'>clamosis·</span> 
     </span>
     <span class='ocr_line' id='line_1_62' title="bbox 1232 4117 2215 4213; baseline 0 -26"><span class='ocrx_word' id='word_1_565' title='bbox 1232 4117 1362 4188; x_wconf 89' lang='lat' dir='ltr'>simum</span> <span class='ocrx_word' id='word_1_566' title='bbox 1384 4140 1563 4213; x_wconf 93' lang='lat' dir='ltr'>quemque</span> <span class='ocrx_word' id='word_1_567' title='bbox 1586 4119 1746 4211; x_wconf 87' lang='lat' dir='ltr'>explebe</span> <span class='ocrx_word' id='word_1_568' title='bbox 1763 4117 1986 4213; x_wconf 87' lang='lat' dir='ltr'>compescui,</span> <span class='ocrx_word' id='word_1_569' title='bbox 2011 4138 2215 4208; x_wconf 81' lang='lat' dir='ltr'>necpsssus</span> 
     </span>
     <span class='ocr_line' id='line_1_63' title="bbox 1232 4215 2217 4319; baseline -0.002 -30"><span class='ocrx_word' id='word_1_570' title='bbox 1232 4244 1312 4291; x_wconf 89' lang='lat' dir='ltr'>sum</span> <span class='ocrx_word' id='word_1_571' title='bbox 1320 4215 1512 4290; x_wconf 88' lang='lat' dir='ltr'>Thersiten</span> <span class='ocrx_word' id='word_1_572' title='bbox 1525 4221 1673 4313; x_wconf 88' lang='lat' dir='ltr'>impune</span> <span class='ocrx_word' id='word_1_573' title='bbox 1681 4223 1759 4316; x_wconf 88' lang='lat' dir='ltr'>regi</span> <span class='ocrx_word' id='word_1_574' title='bbox 1766 4221 1987 4319; x_wconf 87' lang='lat' dir='ltr'>caeterisque</span> <span class='ocrx_word' id='word_1_575' title='bbox 1994 4216 2217 4313; x_wconf 85' lang='lat' dir='ltr'>principibus</span> 
     </span>
    </p>
   </div>
   <div class='ocr_carea' id='block_1_16' title="bbox 1204 4318 2216 4409">
    <p class='ocr_par' dir='ltr' id='par_1_20' title="bbox 1204 4318 2216 4409">
     <span class='ocr_line' id='line_1_64' title="bbox 1204 4318 2216 4409; baseline -0.004 -17"><span class='ocrx_word' id='word_1_576' title='bbox 1204 4378 1207 4405; x_wconf 79' lang='grc'>,</span> <span class='ocrx_word' id='word_1_577' title='bbox 1231 4323 1346 4393; x_wconf 86' lang='lat' dir='ltr'>facere</span> <span class='ocrx_word' id='word_1_578' title='bbox 1359 4322 1532 4409; x_wconf 88' lang='lat' dir='ltr'>convicia.</span> <span class='ocrx_word' id='word_1_579' title='bbox 1583 4319 1805 4399; x_wconf 82' lang='lat' dir='ltr'>Exhortatus</span> <span class='ocrx_word' id='word_1_580' title='bbox 1818 4350 1897 4397; x_wconf 88' lang='lat' dir='ltr'>sum</span> <span class='ocrx_word' id='word_1_581' title='bbox 1918 4321 2039 4396; x_wconf 88' lang='lat' dir='ltr'>socios</span> <span class='ocrx_word' id='word_1_582' title='bbox 2060 4322 2111 4393; x_wconf 88' lang='lat' dir='ltr'>ad</span> <span class='ocrx_word' id='word_1_583' title='bbox 2130 4318 2216 4390; x_wconf 84' lang='lat' dir='ltr'>tole·</span> 
     </span>
    </p>
   </div>
   <div class='ocr_carea' id='block_1_17' title="bbox 1231 4421 2216 4517">
    <p class='ocr_par' dir='ltr' id='par_1_21' title="bbox 1231 4421 2216 4517">
     <span class='ocr_line' id='line_1_65' title="bbox 1231 4421 2216 4517; baseline -0.002 -25"><span class='ocrx_word' id='word_1_584' title='bbox 1231 4425 1366 4494; x_wconf 91' lang='lat' dir='ltr'>randos</span> <span class='ocrx_word' id='word_1_585' title='bbox 1377 4448 1419 4494; x_wconf 90' lang='lat' dir='ltr'>ac</span> <span class='ocrx_word' id='word_1_586' title='bbox 1433 4426 1665 4517; x_wconf 83' lang='lat' dir='ltr'>perferendos</span> <span class='ocrx_word' id='word_1_587' title='bbox 1676 4429 1761 4499; x_wconf 91' lang='lat' dir='ltr'>belli</span> <span class='ocrx_word' id='word_1_588' title='bbox 1779 4428 1940 4507; x_wconf 63' lang='lat' dir='ltr'>laborem</span> <span class='ocrx_word' id='word_1_589' title='bbox 1973 4424 2058 4497; x_wconf 83' lang='lat' dir='ltr'>acui</span> <span class='ocrx_word' id='word_1_590' title='bbox 2077 4425 2127 4494; x_wconf 90' lang='lat' dir='ltr'>ad</span> <span class='ocrx_word' id='word_1_591' title='bbox 2146 4421 2216 4516; x_wconf 90' lang='lat' dir='ltr'>pri·</span> 
     </span>
    </p>
   </div>
   <div class='ocr_carea' id='block_1_18' title="bbox 1203 4508 2217 4625">
    <p class='ocr_par' dir='ltr' id='par_1_22' title="bbox 1203 4508 2217 4625">
     <span class='ocr_line' id='line_1_66' title="bbox 1203 4508 2217 4625; baseline -0.005 -26"><span class='ocrx_word' id='word_1_592' title='bbox 1203 4508 1208 4599; x_wconf 88' lang='lat' dir='ltr'>l</span> <span class='ocrx_word' id='word_1_593' title='bbox 1230 4524 1361 4597; x_wconf 85' lang='lat' dir='ltr'>stiuam</span> <span class='ocrx_word' id='word_1_594' title='bbox 1378 4525 1569 4613; x_wconf 88' lang='lat' dir='ltr'>virtutem,</span> <span class='ocrx_word' id='word_1_595' title='bbox 1594 4554 1791 4625; x_wconf 85' lang='lat' dir='ltr'>eorumque</span> <span class='ocrx_word' id='word_1_596' title='bbox 1807 4529 1949 4615; x_wconf 83' lang='lat' dir='ltr'>animos</span> <span class='ocrx_word' id='word_1_597' title='bbox 1965 4527 2040 4597; x_wconf 90' lang='lat' dir='ltr'>iam</span> <span class='ocrx_word' id='word_1_598' title='bbox 2062 4525 2217 4597; x_wconf 84' lang='lat' dir='ltr'>deiectos</span> 
     </span>
    </p>
   </div>
   <div class='ocr_carea' id='block_1_19' title="bbox 1230 4625 2216 4934">
    <p class='ocr_par' dir='ltr' id='par_1_23' title="bbox 1230 4625 2216 4934">
     <span class='ocr_line' id='line_1_67' title="bbox 1231 4625 2216 4727; baseline -0.003 -30"><span class='ocrx_word' id='word_1_599' title='bbox 1231 4625 1360 4699; x_wconf 90' lang='lat' dir='ltr'>iterum</span> <span class='ocrx_word' id='word_1_600' title='bbox 1377 4629 1483 4701; x_wconf 79' lang='lat' dir='ltr'>erexi.</span> <span class='ocrx_word' id='word_1_601' title='bbox 1525 4630 1647 4723; x_wconf 83' lang='lat' dir='ltr'>Quare</span> <span class='ocrx_word' id='word_1_602' title='bbox 1664 4633 1796 4727; x_wconf 88' lang='lat' dir='ltr'>siquid</span> <span class='ocrx_word' id='word_1_603' title='bbox 1813 4657 1856 4704; x_wconf 88' lang='lat' dir='ltr'>ex</span> <span class='ocrx_word' id='word_1_604' title='bbox 1869 4656 1912 4703; x_wconf 91' lang='lat' dir='ltr'>eo</span> <span class='ocrx_word' id='word_1_605' title='bbox 1927 4643 2095 4724; x_wconf 85' lang='lat' dir='ltr'>tempore</span> <span class='ocrx_word' id='word_1_606' title='bbox 2109 4627 2216 4699; x_wconf 85' lang='lat' dir='ltr'>etiam</span> 
     </span>
     <span class='ocr_line' id='line_1_68' title="bbox 1231 4724 2216 4829; baseline -0.006 -26"><span class='ocrx_word' id='word_1_607' title='bbox 1231 4730 1455 4809; x_wconf 82' lang='lat' dir='ltr'>utentiliter</span> <span class='ocrx_word' id='word_1_608' title='bbox 1474 4757 1678 4828; x_wconf 88' lang='lat' dir='ltr'>magnoque</span> <span class='ocrx_word' id='word_1_609' title='bbox 1702 4737 1826 4807; x_wconf 87' lang='lat' dir='ltr'>animo</span> <span class='ocrx_word' id='word_1_610' title='bbox 1846 4732 1973 4829; x_wconf 87' lang='lat' dir='ltr'>gessit,</span> <span class='ocrx_word' id='word_1_611' title='bbox 2012 4724 2108 4805; x_wconf 89' lang='lat' dir='ltr'>mihi</span> <span class='ocrx_word' id='word_1_612' title='bbox 2133 4728 2216 4799; x_wconf 90' lang='lat' dir='ltr'>inde</span> 
     </span>
     <span class='ocr_line' id='line_1_69' title="bbox 1230 4827 2190 4934; baseline 0.003 -32"><span class='ocrx_word' id='word_1_613' title='bbox 1230 4832 1350 4926; x_wconf 91' lang='lat' dir='ltr'>aliqua</span> <span class='ocrx_word' id='word_1_614' title='bbox 1366 4832 1480 4923; x_wconf 89' lang='lat' dir='ltr'>gratia</span> <span class='ocrx_word' id='word_1_615' title='bbox 1495 4837 1665 4922; x_wconf 90' lang='lat' dir='ltr'>debetur,</span> <span class='ocrx_word' id='word_1_616' title='bbox 1692 4837 1850 4934; x_wconf 83' lang='lat' dir='ltr'>quicum</span> <span class='ocrx_word' id='word_1_617' title='bbox 1867 4863 1910 4910; x_wconf 84' lang='lat' dir='ltr'>ex</span> <span class='ocrx_word' id='word_1_618' title='bbox 1923 4837 2008 4929; x_wconf 87' lang='lat' dir='ltr'>iuga</span> <span class='ocrx_word' id='word_1_619' title='bbox 2022 4827 2190 4907; x_wconf 60' lang='lat' dir='ltr'>retraxi}⁸</span> 
     </span>
    </p>
   </div>
   <div class='ocr_carea' id='block_1_20' title="bbox 1280 4983 2215 5310">
    <p class='ocr_par' dir='ltr' id='par_1_24' title="bbox 1280 4983 2215 5310">
     <span class='ocr_line' id='line_1_70' title="bbox 1280 4983 2215 5165; baseline 0.001 -107"><span class='ocrx_word' id='word_1_620' title='bbox 1280 4983 1341 5058; x_wconf 83' lang='lat' dir='ltr'>Vs.</span> <span class='ocrx_word' id='word_1_621' title='bbox 1361 4986 1448 5060; x_wconf 72' lang='lat'>258.</span> <span class='ocrx_word' id='word_1_622' title='bbox 1488 4993 1645 5115; x_wconf 72' lang='lat' dir='ltr'>Denique</span> <span class='ocrx_word' id='word_1_623' title='bbox 1667 4997 1712 5165; x_wconf 59' lang='lat' dir='ltr'>{te</span> <span class='ocrx_word' id='word_1_624' title='bbox 1732 4999 1873 5065; x_wconf 79' lang='lat' dir='ltr'>Danais</span> <span class='ocrx_word' id='word_1_625' title='bbox 1899 4995 1977 5087; x_wconf 75' lang='lat' dir='ltr'>qesta</span> <span class='ocrx_word' id='word_1_626' title='bbox 2003 5001 2038 5061; x_wconf 77' lang='lat' dir='ltr'>ts</span> <span class='ocrx_word' id='word_1_627' title='bbox 2059 4990 2215 5059; x_wconf 62' lang='lat' dir='ltr'>huuc</span> 
     </span>
     <span class='ocr_line' id='line_1_71' title="bbox 1293 5106 2215 5310; baseline 0.012 -36"><span class='ocrx_word' id='word_1_628' title='bbox 1293 5201 1452 5277; x_wconf 87' lang='lat' dir='ltr'>luversio</span> <span class='ocrx_word' id='word_1_629' title='bbox 1480 5106 1701 5302; x_wconf 55' lang='lat' dir='ltr'>argherllbvrlti,</span> <span class='ocrx_word' id='word_1_630' title='bbox 1727 5216 1825 5310; x_wconf 91' lang='lat' dir='ltr'>quod</span> <span class='ocrx_word' id='word_1_631' title='bbox 1840 5212 1932 5285; x_wconf 83' lang='lat' dir='ltr'>Aiax</span> <span class='ocrx_word' id='word_1_632' title='bbox 1949 5209 2074 5285; x_wconf 87' lang='lat' dir='ltr'>obiicit</span> <span class='ocrx_word' id='word_1_633' title='bbox 2088 5203 2215 5305; x_wconf 74' lang='lat' dir='ltr'>myst</span> 
     </span>
    </p>
   </div>
   <div class='ocr_carea' id='block_1_21' title="bbox 1229 5308 1785 5408">
    <p class='ocr_par' dir='ltr' id='par_1_25' title="bbox 1229 5308 1785 5408">
     <span class='ocr_line' id='line_1_72' title="bbox 1229 5308 1785 5408; baseline 0.016 -28"><span class='ocrx_word' id='word_1_634' title='bbox 1229 5331 1312 5380; x_wconf 89' lang='lat' dir='ltr'>cum</span> <span class='ocrx_word' id='word_1_635' title='bbox 1327 5308 1445 5402; x_wconf 90' lang='lat' dir='ltr'>inquit</span> <span class='ocrx_word' id='word_1_636' title='bbox 1471 5310 1550 5406; x_wconf 85' lang='lat' dir='ltr'>(Vs.</span> <span class='ocrx_word' id='word_1_637' title='bbox 1568 5315 1688 5408; x_wconf 86' lang='lat'>100.):</span> <span class='ocrx_word' id='word_1_638' title='bbox 1782 5352 1785 5357; x_wconf 93' lang='lat'>·</span> 
     </span>
    </p>
   </div>
   <div class='ocr_carea' id='block_1_22' title="bbox 1282 5431 2163 5524">
    <p class='ocr_par' dir='ltr' id='par_1_26' title="bbox 1282 5431 2163 5524">
     <span class='ocr_line' id='line_1_73' title="bbox 1282 5431 2163 5524; baseline 0.017 -25"><span class='ocrx_word' id='word_1_639' title='bbox 1282 5431 1372 5500; x_wconf 82' lang='lat' dir='ltr'>Lssce</span> <span class='ocrx_word' id='word_1_640' title='bbox 1397 5433 1486 5504; x_wconf 72' lang='lat' dir='ltr'>nihil</span> <span class='ocrx_word' id='word_1_641' title='bbox 1498 5447 1653 5524; x_wconf 75' lang='lat' dir='ltr'>gestum,</span> <span class='ocrx_word' id='word_1_642' title='bbox 1677 5439 1767 5511; x_wconf 71' lang='lat' dir='ltr'>nihil</span> <span class='ocrx_word' id='word_1_643' title='bbox 1778 5449 1831 5512; x_wconf 85' lang='lat' dir='ltr'>est</span> <span class='ocrx_word' id='word_1_644' title='bbox 1843 5440 2008 5511; x_wconf 72' lang='lat' dir='ltr'>Diomede</span> <span class='ocrx_word' id='word_1_645' title='bbox 2022 5446 2163 5513; x_wconf 66' lang='lat' dir='ltr'>reum</span> 
     </span>
    </p>
   </div>
   <div class='ocr_carea' id='block_1_23' title="bbox 0 0 2403 6256">
    <p class='ocr_par' dir='ltr' id='par_1_27' title="bbox 0 0 2403 6256">
     <span class='ocr_line' id='line_1_74' title="bbox 0 0 2403 6256; baseline 0 0"><span class='ocrx_word' id='word_1_646' title='bbox 0 0 2403 6256; x_wconf 95' lang='lat' dir='ltr'> </span> 
     </span>
    </p>
   </div>
  </div>
 </body>
</html>
