4778 6240
170 311 246 387 sor
379 281 382 286 ’
647 295 867 374 Lxxxvul.
914 294 1205 375 massano.
1231 294 1513 376 GEORGICON
1545 296 1751 373 vtttuttll.
2127 311 2214 389 εει,

173 499 334 591 Odyssea
350 490 487 587 aliquid
503 502 684 582 sumptum
702 500 772 570 est;
798 501 919 560 utrum
933 513 1020 561 vero
1036 514 1105 581 par
1120 489 1167 561 sit
1216 491 1308 563 siodi
1347 492 1443 562 enim
1484 492 1671 586 consilium
1705 489 1772 560 luit
1812 515 1887 560 non
1927 507 2118 586 praecipue
2158 502 2202 569 de

175 602 333 671 eiusdem
348 606 475 688 poetae
492 593 662 675 facultas,
686 592 772 660 nolo
791 591 1037 684 pronuntiare.
1071 591 1165 665 Nota
1216 592 1455 685 agricultura,
1490 597 1552 665 sed
1578 597 1621 665 de
1649 594 1810 665 moribus
1842 594 2015 679 scribere,
2069 599 2204 672 addens

176 715 229 774 est
249 696 423 773 sententia
440 694 656 789 Quintiliani
669 691 737 781 ll),
763 717 871 787 quarn
894 695 1000 764 credo
1018 694 1167 765 alieuius
1217 697 1339 766 brevia
1358 698 1535 792 quaedam
1552 709 1741 789 praecepta
1760 695 1813 765 rei
1831 697 2070 783 domesticae,
2095 699 2206 792 signi-

176 802 306 874 vetusti
327 797 464 871 autoris
489 821 583 881 esse,
623 793 835 865 Inferiorem
866 820 940 866 esse
963 795 1167 888 Virgilium,
1217 800 1326 868 ficano
1349 800 1517 870 virtutem
1538 824 1617 869 curn
1642 799 1764 869 labore
1788 798 2014 870 coniunctam
2043 825 2118 873 esse
2143 804 2205 874 de-

176 908 237 977 sed
263 907 311 973 ita
340 915 479 983 tamen,
505 912 546 969 ut
570 899 688 992 primo
710 898 755 969 sit
777 899 947 989 propior,
973 922 1080 993 quarn
1098 912 1167 968 ter·
1219 901 1312 972 bere.
1379 897 1573 971 Theocrito
1597 913 1649 971 εει
1671 924 1755 971 sane
1782 900 1943 972 interior.
2001 899 2082 973 Illas
2106 905 2203 975 enim

176 1006 240 1081 tio.
291 1006 343 1076 Ac
366 1004 526 1095 prolecto
549 1002 652 1072 facile
677 1000 815 1071 excellit
837 1001 1015 1072 Homerus
1043 1025 1167 1072 omnes
1217 1002 1467 1074 blandissimas
1501 1003 1644 1073 delicias
1678 1027 1906 1097 nequaquam
1942 1016 1994 1075 est
2025 1018 2204 1078 assecutus
2231 1090 2239 1099 Ι

177 1111 286 1191 alios,
313 1121 389 1179 tum
403 1104 589 1188 Graecos,t
615 1116 689 1174 tum
707 1101 866 1172 Latinos.
918 1102 1091 1193 Superior
1106 1127 1168 1173 au·
1218 1103 1409 1196 Virgilius,
1434 1118 1541 1199 atque
1563 1101 1658 1176 haud
1685 1107 1779 1191 scio,
1813 1130 1859 1173 an
1882 1105 2032 1199 recipiat
2052 1131 2111 1178 eas
2134 1105 2204 1178 La·

178 1223 250 1281 tem
291 1208 448 1279 Hesiodo
481 1205 651 1298 Virgilius
683 1205 787 1275 facilc
815 1228 888 1275 csse
915 1207 1045 1296 potuit.
1098 1205 1168 1275 lle·
1221 1207 1298 1276 tina
1317 1209 1450 1298 lingua.

382 1423 568 1498 Scholia
594 1407 803 1518 Philippi
829 1419 1148 1504 Melanthonis
1181 1427 1226 1497 in
1262 1426 1430 1496 librum
1457 1423 1485 1498 l.
1519 1427 1782 1519 Georgicon
1808 1425 2009 1519 Virgilii.

281 1579 342 1651 Vs.
353 1582 421 1666 ld)
437 1577 584 1678 udas]
600 1582 709 1664 idest,
725 1579 864 1662 uberes,
878 1580 1041 1670 grandes.
1095 1581 1166 1664 Quo
1189 1637 1194 1670 ,
1217 1578 1354 1649 civitati
1367 1575 1537 1661 Athenas,
1563 1578 1751 1672 Neptunus
1769 1604 1900 1674 equum
1915 1579 2096 1672 produxit,
2121 1578 2205 1648 Pal-

179 1685 305 1774 sidere]
332 1682 368 1751 id
388 1695 459 1767 est,
485 1685 614 1777 quibus
630 1680 864 1773 temporibus.
1190 1683 1269 1753 llas
1303 1681 1432 1752 oleam.
1500 1678 1553 1750 Ibi
1586 1683 1793 1751 indicarunt
1823 1682 2009 1752 inventum
2044 1682 2203 1754 Palladis

283 1784 344 1854 Vs.
368 1789 404 1858 2.
443 1781 569 1882 manis]
603 1785 731 1855 Ulmus
754 1795 789 1853 et
809 1782 870 1851 illa
894 1783 1022 1865 arbor,
1056 1807 1164 1877 quam
1217 1785 1455 1877 praestantius
1477 1809 1551 1855 esse
1567 1784 1725 1877 Neptuni
1748 1785 1915 1868 invento,
1941 1783 1976 1852 id
2001 1796 2071 1867 est,
2096 1783 2204 1874 signi-

180 1911 247 1956 nos
262 1909 430 1956 vocamus
444 1901 607 1973 rusleta,
632 1911 673 1957 ex
690 1910 760 1982 qua
777 1886 987 1978 plerumque
1000 1885 1091 1954 fiunt
1107 1908 1166 1954 ro·
1216 1887 1369 1956 ficarunt
1399 1899 1493 1957 artes
1521 1887 1619 1979 pacis
1649 1910 1724 1957 esse
1755 1885 2034 1979 praestantiores
2069 1886 2205 1954 artibus

180 2001 237 2057 tae
254 2012 435 2059 curruum.
1217 1989 1321 2072 belli,
1347 2000 1382 2056 et
1395 1988 1555 2060 civitates
1572 1989 1684 2080 magis
1701 1991 1831 2059 debere
1849 1988 1965 2058 colere
1989 2000 2083 2058 artes
2109 1985 2205 2079 pacis

283 2090 343 2162 Vs.
358 2091 393 2161 8.
417 2086 595 2189 Habenda]
617 2091 653 2160 id
671 2103 742 2174 est,
763 2090 906 2158 alendo.
1219 2116 1327 2186 quam
1345 2089 1440 2160 belli.

283 2193 344 2265 Vs.
366 2193 402 2265 4.
434 2189 678 2291 Βερενιεηιιο]
711 2192 845 2276 idest,
879 2189 1022 2282 Quanta
1047 2187 1093 2258 sit
1112 2187 1166 2256 in·
1319 2192 1380 2265 Vs.
1404 2190 1466 2262 14.
1493 2193 1608 2263 Cultor
1622 2185 1810 2290 marorum]
1844 2192 1881 2261 id
1903 2206 1974 2278 est,
2000 2193 2207 2267 Aristaeum

183 2294 318 2369 dustria
336 2294 528 2386 inapibus.
1217 2306 1396 2388 pastorem
1427 2294 1589 2378 invocat,
1627 2295 1689 2389 qui
1719 2296 1791 2364 iam
1821 2301 1979 2387 prodeo
2009 2298 2202 2371 colebatur.

282 2396 343 2470 Vs.
359 2393 395 2469 5.
417 2389 699 2494 Discincipiam]
715 2391 932 2483 Propositio.
1022 2395 1104 2473 Vos,
1130 2383 1166 2486 o]
1217 2397 1302 2466 Fuit
1323 2409 1423 2466 vetus
1448 2395 1578 2488 aliquis
1601 2391 1854 2489 philosophus,
1887 2398 2004 2472 bonus
2026 2397 2213 2495 physicus,

181 2499 378 2572 invocatio.
464 2502 663 2571 Clarissima
678 2495 824 2600 lumina]
843 2507 959 2586 idest,
985 2505 1024 2592 Θ
1040 2514 1075 2572 ει
1086 2492 1167 2587 2⁹¹)
1219 2494 1281 2593 qui
1296 2497 1406 2566 multa
1423 2496 1578 2579 invenit,
1604 2500 1832 2581 monstravit,
1859 2504 2041 2592 quomodo
2059 2529 2102 2573 ex
2117 2504 2208 2574 oleis

184 2626 339 2700 quorum
370 2601 582 2691 praecipuae
614 2611 697 2669 sunt
728 2601 822 2674 vires
857 2608 894 2676 in
928 2598 1167 2700 producendis
1218 2611 1337 2692 posset
1369 2597 1520 2690 exprimi
1534 2598 1664 2668 oleum.
1732 2597 1818 2669 ltem
1847 2603 2031 2693 reparavit
2057 2601 2204 2699 physica

183 2704 355 2795 frugibus.
1219 2701 1357 2771 ratione
1380 2724 1476 2792 apes.
1541 2700 1635 2772 Nam
1658 2701 1759 2771 iussit
1779 2702 1866 2793 poni
1891 2728 2019 2795 corpus
2041 2708 2144 2776 bovis
2165 2705 2204 2774 in

284 2804 345 2876 Vs.
363 2802 397 2874 7.
424 2804 708 2895 Lidereldlmo]
725 2809 790 2879 llic
804 2812 956 2881 multum
971 2808 1168 2901 disputant,
1218 2805 1335 2874 locum
1360 2803 1539 2884 clausum,
1564 2815 1599 2871 et
1620 2827 1695 2872 non
1716 2802 1880 2895 pervium
1903 2805 2037 2890 ventis,
2063 2831 2106 2877 ex
2130 2831 2202 2902 quo

182 2931 229 2976 an
245 2903 333 2975 haec
349 2930 413 2997 per
429 2906 689 2998 appositionem
707 2907 933 3005 intelligenda
950 2911 1040 2994 sint,
1065 2923 1106 2979 ut
1121 2908 1166 2975 ad
1219 2928 1369 2997 corpore
1387 2906 1584 2997 putrefacto
1601 2919 1722 2996 postea
1743 2930 1826 2997 apes
1843 2918 1944 2977 ortae
1961 2921 2056 2978 sunt.
2107 2910 2202 2981 Nam

182 3009 368 3100 superiora
391 3009 602 3077 referantur.
670 3007 738 3082 Sed
770 3040 835 3107 ego
860 3014 998 3087 omissis
1022 3013 1092 3082 illis
1113 3010 1167 3078 in·
1217 3006 1362 3079 lumiin
1383 3007 1445 3076 illo
1471 3007 1551 3076 loco
1572 3032 1646 3076 non
1662 3020 1811 3100 possunt
1829 3004 2005 3082 exhalare.
2057 3009 2122 3081 Est
2140 3036 2204 3082 au-

184 3109 286 3204 eptiis
299 3134 438 3201 expono
458 3109 517 3178 illa
535 3109 956 3210 simpliciterproCerere
970 3107 1167 3192 etBaccbo,
1218 3125 1289 3181 tem
1305 3104 1364 3178 hic
1388 3104 1537 3202 pulchra
1559 3109 1769 3201 significatio
1795 3112 1993 3203 proposita.
2044 3109 2202 3184 Ecclesia

184 3238 273 3306 quos
298 3224 379 3305 post
405 3213 450 3302 Θ
475 3226 510 3282 et
532 3226 558 3300 p
587 3212 731 3286 invocat
760 3233 931 3314 tanquam
961 3220 1167 3287 inventores
1218 3225 1301 3284 sunt
1314 3235 1410 3302 apes,
1427 3210 1477 3278 illi
1494 3223 1689 3281 nascuntur
1705 3237 1747 3281 ex
1763 3225 1917 3282 mactato
1935 3237 2087 3305 corpore
2097 3210 2201 3284 Clrri-

183 3316 324 3407 frugum
344 3315 480 3389 etvini.
1217 3315 1274 3386 sti.
1325 3313 1380 3381 De
1402 3310 1471 3382 hoc
1493 3313 1533 3381 iu
1550 3311 1611 3384 lv.
1634 3314 1737 3405 plura
1761 3309 1989 3404 habebimus.
2094 3312 2200 3414 oeae]
2234 3390 2262 3405 ,—

283 3417 343 3489 Vs.
370 3418 404 3489 8.
438 3421 623 3491 chaonium
639 3414 811 3518 plaudam]
851 3420 991 3513 Species
1015 3444 1081 3513 pro
1109 3443 1167 3510 ge·
1218 3415 1286 3487 Cea
1304 3428 1356 3486 est
1370 3414 1485 3486 insula
1503 3439 1545 3484 er
1563 3415 1774 3510 Cycladibus
1790 3417 1828 3485 in
1845 3419 1936 3486 mari
1951 3418 2105 3510 Aegaeo.
2156 3417 2200 3488 ln

185 3545 282 3601 nere,
300 3534 342 3590 ut
356 3522 385 3591 si
401 3519 768 3615 diceretllercyniam.
802 3522 900 3593 Dicit
914 3537 1032 3594 autem
1050 3518 1167 3591 Chao·
1216 3521 1280 3590 illo
1298 3521 1377 3589 loco
1394 3519 1586 3589 suntbona
1606 3544 1748 3611 pascua.

185 3624 302 3707 niam,
337 3623 420 3717 quia
446 3624 485 3692 in
509 3618 690 3708 Chaonia,
726 3625 828 3717 Epiri
858 3629 1022 3717 regione,
1055 3624 1166 3719 pluri·
1317 3619 1379 3692 Vs.
1398 3619 1456 3690 19.
1483 3625 1576 3692 Puer
1623 3622 1660 3690 id
1676 3635 1747 3708 est,
1772 3621 2005 3713 Triptoleme.

185 3752 283 3796 mum
301 3726 484 3815 glandium
503 3727 681 3818 provenit.
937 3804 940 3809 g
1317 3721 1378 3793 Vs.
1392 3723 1455 3797 2³.
1480 3728 1579 3797 Satis
1628 3725 1663 3793 id
1680 3738 1750 3809 est,
1776 3724 1962 3816 segetibus.

285 3825 346 3898 Vs.
361 3824 397 3897 9.
424 3824 737 3924 Poealoalcleloia]
756 3829 792 3899 id
810 3842 873 3914 est,
895 3854 1040 3926 aquarn,
1056 3829 1165 3900 etiam
1317 3824 1379 3896 Vs.
1394 3824 1455 3899 24.
1486 3831 1599 3922 lique
1612 3829 1711 3919 odeo]
1734 3828 1770 3897 id
1785 3839 1856 3909 est,
1884 3839 1922 3896 tu
1938 3827 2107 3916 Auguste.
2160 3801 2176 3841 i

184 3927 319 4020 species
330 3951 398 4019 pro
414 3952 554 4020 genere.
605 3927 783 4001 Achelous
799 3945 851 4000 est
864 3933 994 4005 fluvius
1006 3933 1121 4026 Epiri.
1319 3927 1458 4002 Vnst
1472 3955 1525 4023 sq.
1553 3932 1704 4002 coaattia
1723 3923 1890 4027 Deorum]
1913 3926 2074 3997 Deorum
2100 3928 2199 3997 ordi-

288 4028 424 4101 Vs.10.
450 4027 581 4129 Fauni]
608 4032 795 4115 Faunum,
820 4031 1003 4125 Dryades,
1029 4036 1164 4128 Neptu·
1215 4057 1279 4104 nes
1293 4044 1447 4126 quatuor
1463 4032 1568 4114 lacit,
1595 4034 1819 4118 coelestium,
1845 4030 2087 4116 terrestrium,
2121 4056 2198 4099 ma·

180 4159 290 4215 num,
312 4133 491 4217 Aristum,
516 4135 615 4204 Pana
644 4134 887 4228 etSylranum
911 4137 1037 4204 ordine
1061 4138 1164 4205 invo-
1216 4137 1379 4206 tinorum
1396 4145 1431 4201 et
1453 4132 1663 4205 inferorum.
1713 4134 1771 4206 Ad
1789 4135 1923 4205 inferos
1945 4133 2058 4202 nolim
2080 4145 2114 4202 te
2137 4135 2198 4203 de-

182 4249 256 4320 cat,
283 4235 368 4329 quia
383 4238 625 4332 unusquisque
643 4237 793 4308 istorum
811 4239 961 4308 deorum
986 4251 1048 4308 aut
1067 4239 1165 4306 inve·
1215 4236 1384 4310 scendere
1408 4234 1537 4329 inquit.
1588 4234 1642 4303 Ex
1664 4235 1762 4321 aliis,
1795 4236 1932 4330 inquit,
1965 4236 2080 4306 tribus
2102 4234 2199 4305 ordi·

181 4339 277 4408 uerit
303 4338 459 4431 aliquid,
485 4352 547 4409 aut
570 4341 703 4432 praesit
723 4339 786 4424 iis,
813 4365 903 4434 quae
922 4336 977 4412 bis
991 4341 1091 4413 libris
1104 4342 1165 4410 de·
1214 4341 1321 4418 nibus
1343 4336 1476 4427 delige,
1502 4360 1607 4432 quem
1627 4338 1745 4422 voles,
1771 4339 1844 4409 sive
1860 4351 1900 4408 ut
1913 4338 2019 4409 urbes
2033 4352 2068 4407 et
2082 4351 2197 4408 terras

181 4442 377 4533 scripturus
393 4441 449 4512 sit.
1216 4441 1391 4514 curandas
1417 4438 1606 4531 suscipias,
1638 4439 1713 4510 sive
1743 4439 1852 4511 maris
1879 4440 2089 4534 imperium,
2124 4441 2199 4512 sive

282 4543 344 4614 Vs.
363 4545 422 4617 12
448 4547 636 4636 casprino
647 4545 863 4641 frementem]
886 4547 921 4619 Ο
937 4548 1164 4640 tuNeptune,
1215 4547 1355 4637 signum
1381 4540 1527 4636 aliquod
1551 4541 1700 4614 coeleste
1725 4544 1809 4628 fias,
1835 4544 1881 4612 ad
1908 4545 2006 4637 quod
2027 4543 2197 4636 Scorpius

182 4646 244 4740 qui
258 4647 388 4717 dicitur
402 4649 539 4738 primus
555 4653 762 4741 produxisse
776 4677 920 4746 equum.
971 4653 1066 4725 Nam
1089 4674 1163 4720 me·
1216 4645 1344 4721 Chelas
1367 4669 1448 4717 suas
1471 4640 1668 4731 contrahit,
1694 4646 1830 4741 tibique
1857 4646 2006 4716 alteram
2029 4647 2083 4717 sui
2109 4669 2192 4740 par·

181 4750 522 4837 ministislabulam,
548 4753 585 4820 in
605 4778 676 4849 qua
698 4780 778 4825 cum
802 4756 990 4849 Neptunus
1009 4753 1163 4827 inventis
1214 4767 1285 4825 tem
1301 4748 1473 4823 concedit.

183 4865 332 4924 certaret
352 4878 433 4924 cum
456 4854 622 4941 Pallade,
658 4870 738 4927 uter
760 4861 862 4929 daret
884 4859 1160 4952 appellationem
1313 4852 1444 4925 Vnae.
1459 4850 1640 4944 Materna]
1657 4850 1693 4919 id
1710 4864 1773 4936 est,
1788 4850 1964 4921 Venerea.
2030 4842 2190 4946 Myous]

1213 4972 1265 5030 est
1279 4959 1384 5027 affine
1399 4955 1570 5050 quiddam
1587 4956 1639 5039 ei,
1664 4955 1761 5051 quod
1779 4980 1845 5026 nos
1864 4953 1971 5044 vulgo
1989 4952 2188 5045 myrtillum

1213 5084 1381 5132 vocamus
1407 5058 1509 5128 illum
1531 5057 1715 5144 fruticem,
1754 5060 1799 5127 da
1830 5057 1888 5128 die
1913 5052 2106 5148 heydelber
2129 5050 2195 5121 aul

218 5154 264 5220 tl)
282 5157 394 5218 Qulntil.
418 5157 507 5208 luatit.
525 5159 604 5212 orat.
622 5158 756 5224 Χ,1,86.
1210 5158 1392 5243 wahan·

218 5256 250 5321 2)
268 5259 405 5311 Verrunt
420 5273 550 5312 numeros
568 5260 684 5327 Virgilii
700 5260 809 5325 vertis,
828 5274 897 5326 quae
914 5263 942 5315 in
958 5267 1009 5319 lt
1024 5268 1098 5319 tou.
1116 5267 1160 5318 te-
1312 5283 1372 5353 γε.
1379 5280 1440 5352 30.
1457 5275 1581 5377 mk]
1602 5280 1639 5349 id
1655 5293 1719 5364 esp,
1739 5270 1952 5350 'Norbeiaffi
2020 5272 2188 5365 lntessigit

250 5329 371 5392 dumis
387 5341 420 5379 ex
436 5331 486 5383 tto.
504 5331 642 5394 wagner.
660 5331 722 5394 lpse
736 5331 882 5394 adscripsi.
1362 5384 1371 5399 ·
1468 5384 1477 5399 ·
2019 5381 2027 5395 ⁸

214 5428 257 5495 ε)
275 5431 334 5480 uss
352 5430 483 5484 natorum
500 5439 598 5503 notas,
615 5447 683 5500 quas
700 5438 750 5491 M,
765 5437 839 5489 tata.
858 5439 883 5490 g·
898 5441 917 5491 ¹·
935 5442 966 5492 ,t
976 5441 1005 5494 ,Β
1015 5455 1092 5507 „qu
1108 5445 1158 5494 Μ,
1211 5387 1289 5457 illas
1305 5386 1450 5456 domas
1464 5385 1617 5467 msulas,
1634 5407 1725 5477 quae
1739 5393 1822 5452 sunt
1835 5393 1916 5473 post
1932 5379 2088 5449 Scotram
2109 5396 2189 5443 ver-

251 5501 311 5564 ost,
330 5500 413 5553 etun
429 5501 457 5553 tn
473 5504 544 5556 aare
559 5507 612 5562 aa.
629 5506 731 5570 recept.
1178 5470 1188 5570 l
1210 5514 1269 5561 sus
1282 5485 1575 5583 septentrionem,
1589 5506 1808 5579 quamquam
1816 5483 1950 5568 dicunt,
1965 5478 2061 5573 quod
2071 5471 2192 5547 Thule

180 5044 385 5058 *-
