4778 6240
184 311 257 386 461

184 496 241 551 tus
256 490 340 548 sunt
356 476 527 545 notiores.
575 475 671 542 Olim
691 487 809 543 autem
826 476 1000 566 pertinuit
1014 475 1110 568 Lyra
1131 478 1176 543 ad

184 579 436 673 Sagittarium,
462 579 526 648 elsi
551 578 677 644 altiore
702 578 779 644 loco
798 590 861 647 e'st.
914 577 1009 666 Ergo
1024 577 1177 644 Alexan-

185 686 284 753 driae
313 707 391 749 cum
409 681 602 768 Sagittario
633 679 783 748 cosmice
808 681 1010 760 oriebatur,
1052 693 1174 770 postea

182 785 348 865 heliace,
387 808 467 851 cum
491 784 544 851 sol
570 781 602 873 ⁷)
637 782 878 872 praeteriisset
908 782 1066 850 medium
1095 780 1176 848 Vir-

183 889 287 980 ginis.
337 948 340 957 .

286 988 446 1079 Quarto,
487 986 575 1054 illud
607 995 658 1054 est
690 984 874 1065 subtilius,
909 985 1005 1076 qnod
1033 984 1176 1051 variant

185 1105 283 1161 ortus
302 1102 450 1180 propter
465 1100 604 1156 motum
629 1098 774 1153 octavae
798 1083 993 1176 sphaerae,
1027 1085 1175 1175 singulis

186 1195 260 1263 100
275 1192 379 1260 annis
393 1192 467 1258 fere
483 1214 595 1259 unum
617 1191 781 1279 gradum.
841 1187 1097 1278 Quaerendum
1124 1197 1176 1255 θεῖ

183 1296 305 1385 igitur,
326 1318 371 1359 an
388 1296 535 1362 reducto
552 1304 653 1359 motu
669 1304 816 1357 octavae
833 1285 1006 1378 sphaerae
1023 1291 1067 1355 ad
1086 1302 1175 1356 tem·

182 1423 249 1488 pus
267 1396 407 1476 Ovidii,
435 1394 651 1463 conveniant
673 1390 961 1461 ortustvidiani
977 1392 1023 1458 ad
1040 1390 1174 1457 Rorna-

182 1523 267 1566 nam
289 1498 546 1578 elevationem,
574 1485 638 1563 etc.

284 1600 441 1691 Quinto,
468 1612 508 1668 ut
528 1611 646 1666 autem
669 1596 707 1661 in
733 1595 839 1683 globo
862 1593 957 1682 picto
983 1617 1039 1660 res
1062 1593 1175 1683 possit

186 1701 297 1770 oculis
318 1702 463 1784 subiici,
491 1699 683 1768 constitues
698 1695 978 1764 Alexandrinam
1006 1694 1173 1771 elevatiu-

182 1827 263 1869 nem
282 1805 326 1869 ad
346 1799 452 1895 has⁸)
472 1801 616 1882 Ovidii,
643 1799 774 1880 Plinii,
809 1797 1028 1866 Columellae
1051 1807 1085 1862 et
1101 1796 1173 1887 Hy-

182 1904 269 1993 ginii
292 1905 567 1993 descriptiones,
611 1926 707 1969 nunc
737 1924 880 1994 quoque
904 1897 1066 1989 proxime
1089 1923 1173 1965 con·

181 2006 341 2075 veniunt.
394 2003 445 2072 lta
460 2002 639 2095 Pliniust)
658 2004 788 2094 inquit,
814 2000 1027 2082 Fidiculam,
1055 2000 1090 2066 id
1109 2012 1172 2082 est,

173 2078 336 2198 hyram,
361 2104 420 2176 Vl.
430 2107 475 2200 ¹⁰)
492 2105 573 2175 ldus
589 2104 740 2195 Augusti
760 2105 940 2186 occidere,
975 2104 1072 2195 quod
1095 2102 1172 2193 qui-

182 2210 263 2277 dem
279 2234 403 2278 verum
422 2221 474 2278 est
488 2211 531 2276 de
551 2209 706 2275 cosmico
723 2229 868 2286 occasu,
904 2207 1000 2272 iuxta
1019 2204 1172 2271 Alexan-

182 2308 323 2379 drinam
356 2311 605 2378 elevationem.
680 2306 766 2375 ltem
797 2306 936 2375 Plinius
955 2304 1001 2397 ¹¹)
1037 2307 1170 2396 inquit:

180 2411 343 2481 Fidicula
360 2411 519 2478 exoritur
535 2407 608 2478 Xll.
625 2409 771 2478 Calend.
787 2405 901 2486 lunii;
929 2408 1026 2498 quod
1047 2432 1170 2474 verum

183 2526 235 2583 est
251 2515 295 2579 de
312 2525 395 2580 ortu
416 2509 619 2603 acronyeho
636 2509 752 2602 Lyrae
776 2509 873 2576 iuxta
890 2507 1169 2575 Alexandrinam

183 2613 432 2683 elevationem.
483 2611 571 2682 ltem
588 2609 841 2701 Columellass)
857 2624 892 2678 θῖ
906 2610 1043 2679 Plinius
1053 2609 1099 2706 ¹³)
1119 2609 1171 2675 in·

183 2716 329 2807 quiunt:
356 2715 470 2785 Nonis
482 2712 746 2784 lanuariiFidis
763 2715 923 2781 exoritur
940 2737 1058 2792 mane,
1084 2726 1170 2779 tem·

181 2831 300 2906 pestas
316 2817 433 2895 varia;
461 2820 557 2911 quod
576 2841 699 2885 verum
717 2829 769 2886 est
787 2818 831 2883 de
850 2812 988 2883 beliaco
1006 2826 1109 2897 ortu,
1141 2813 1170 2882 si

182 2919 326 3010 quidem
343 2919 440 2986 iuxta
458 2919 736 3011 Alexandrinam
760 2918 995 2986 elevationem
1014 2942 1093 2984 cum
1108 2913 1171 2984 Sa·

183 3020 328 3111 gittario
346 3020 496 3089 cosmice
512 3019 606 3112 Lyra
625 3021 820 3088 oriebatur.

285 3120 347 3191 Vs.
369 3119 456 3191 357.
494 3127 586 3193 Rode
617 3117 747 3217 copon]
790 3122 880 3189 Sunt
911 3143 1033 3188 versus
1064 3117 1170 3186 Calli-

182 3220 320 3306 machi,
362 3236 396 3290 et
423 3225 620 3294 recitantur
649 3250 668 3292 a
693 3223 870 3293 Suetonio*
887 3223 924 3288 in
948 3221 1020 3288 vita
1045 3218 1171 3286 Domi·

183 3325 344 3420 tiani¹⁴):

233 3418 315 3521 Krlv
343 3452 391 3519 με
422 3421 545 3526 φάγῃς
576 3423 634 3499 ἐπὶ
664 3423 792 3522 ῥίζαν,
835 3421 936 3516 ὅμως
959 3421 1011 3493 ἔτι
1030 3447 1172 3518 καρπο-

796 3521 971 3619 φορήσω»

275 3626 417 3702 Ὅσσον
434 3630 637 3701 ἐπισπεῖσαι
653 3653 711 3701 σοι
727 3623 841 3723 τράγε
853 3627 896 3718 ¹⁶)
915 3622 1107 3720 θυομένῳ.

285 3745 347 3816 Vs.
371 3744 457 3816 454.
498 3750 618 3816 Inachi
640 3742 762 3842 lauta]
793 3743 933 3813 Romae
958 3747 1064 3813 etiam
1087 3742 1172 3813 Isidi

183 3871 285 3918 sacra
316 3861 439 3929 erant,
481 3852 627 3915 advecta
653 3872 695 3915 ex
715 3852 891 3938 Aegypto.
959 3844 1021 3916 lsis
1045 3858 1096 3915 est
1120 3845 1179 3927 lo,-

183 3945 307 4017 lnachi
330 3948 414 4015 filia.
569 4018 580 4031 Ἰ

287 4049 348 4120 Vs.
368 4047 455 4120 459.
484 4038 626 4121 Postera
647 4045 741 4145 hm]
768 4048 936 4140 Sequitur
956 4048 1024 4114 alia
1043 4047 1172 4116 descri-

183 4152 280 4244 ptio:
321 4154 456 4221 decima
485 4154 543 4221 die
565 4150 723 4221 Ianuarii
751 4165 803 4219 est
833 4148 989 4217 medium
1022 4144 1171 4238 hyemis.

220 4401 251 4467 a)
269 4416 328 4452 cum
347 4402 406 4460 son
420 4400 468 4517 1³³⁰
485 4400 568 4451 rua.
581 4398 674 4464 raca,
694 4398 789 4461 rasa,
810 4397 902 4459 rsss.;
926 4397 977 4446 aa.
994 4395 1068 4445 isso.
1087 4397 1171 4447 aare:

257 4484 318 4520 cum
336 4484 369 4519 80
386 4483 418 4519 80
432 4508 438 4520 .

220 4557 252 4613 θ)
271 4556 335 4613 aas]
355 4554 396 4601 sse
415 4552 497 4601 sorte.
514 4551 605 4614 ram,
626 4552 719 4615 asse,
739 4551 830 4611 rasta
853 4550 904 4603 aa.
922 4550 997 4605 isso.
1015 4552 1091 4601 lanc.

218 4642 251 4697 9)
270 4639 424 4764 ''illlam‘'
438 4638 509 4687 urst.
523 4636 626 4697 Xthl,
645 4649 668 4685 c.
679 4637 724 4699 68,
737 4636 762 4687 2.
780 4636 830 4687 u.
851 4637 952 4686 Franz.
972 4634 1009 4701 (c.
1024 4636 1068 4689 28.
1085 4637 1170 4688 reite.

255 4719 290 4757 arr
306 4721 340 4769 iq.
360 4743 366 4757 .

221 4795 268 4911 sq)
288 4792 415 4910 yrixqp
432 4790 516 4907 Mill·
533 4788 625 4853 naa,
646 4790 738 4853 isso„
767 4791 857 4854 issa,
885 4791 976 4853 isera
1010 4791 1080 4854 apua
1098 4791 1169 4846 rna

266 4900 272 4913 .
303 4900 309 4911 .
340 4875 384 4924 egr
400 4872 447 4908 ur:
513 4892 519 4904 .

219 4951 265 5007 11)
288 4948 360 4996 Plln.
383 4946 448 4996 ibid.
474 4944 573 5007 xvlu,
598 4957 621 4993 c.
640 4944 685 5009 67,
701 4943 728 4994 3.
752 4944 802 4996 Ed.
827 4944 929 4994 Franz.
956 4949 995 5004 (o.
1014 4945 1056 4995 27.
1084 4944 1169 4998 ltdltt.
1240 4960 1248 4974 ·

253 5015 365 5081 antiq).

219 5101 267 5156 12)
286 5102 392 5153 colum.
414 5100 447 5148 de
467 5112 498 5149 re
517 5101 588 5149 rust.
607 5098 657 5163 xl,
676 5098 702 5150 2.

222 5182 268 5241 13)
286 5185 355 5309 taliq.
374 5187 434 5236 Nat.
455 5186 527 5235 urst.
547 5184 649 5245 xvtn,
668 5197 691 5235 e.
705 5184 747 5233 61.
773 5184 822 5233 Ed.
840 5185 943 5235 Franz.
970 5188 1007 5244 (e.
1022 5183 1064 5234 26.
1084 5182 1166 5236 ualet.

253 5262 288 5301 sn
314 5265 363 5313 q..

221 5339 269 5395 n)
288 5300 407 5394 sueto-t
419 5336 566 5386 nomana.
585 5351 609 5386 c.
625 5341 666 5386 n.

220 5420 266 5486 rs)
286 5412 444 5486 «0219.th
470 5422 512 5470 no
538 5424 623 5475 raeti.
643 5423 756 5472 πειθ-
770 5423 862 5485 rossa
897 5423 1012 5474 sueton.
1030 5392 1169 5513 raQ

253 5502 343 5541 maner.
362 5492 458 5541 natet:
482 5490 613 5555 Καίσαρι.

180 5575 365 5639 Hismara.
387 5575 492 5636 Orsa.
517 5574 600 5636 Vor..
623 5573 710 5635 xlx.

749 304 823 378 xo.
873 243 1172 383 sammua
1188 302 1458 377 rxsromu
1488 304 1650 380 ovrnu

1228 478 1355 545 Annus
1371 471 1603 568 distinguitur
1620 480 1656 547 in
1675 490 1830 571 quatuor
1846 491 1977 569 partes.
2029 483 2119 554 Tres
2135 506 2219 560 sunt

1230 603 1366 646 menses
1383 574 1555 670 hyberni,
1583 595 1652 650 tres
1667 583 1790 662 verni,
1821 594 1892 650 tres
1915 585 2059 675 aestivi,
2091 598 2126 655 et
2148 601 2219 661 tres

1229 681 1472 759 autumnales;
1500 686 1546 751 ad
1569 679 1662 751 hanc
1683 687 1973 773 supputationem
2000 712 2104 779 saepe
2129 691 2221 762 allu-

1227 784 1319 850 dunt
1339 782 1478 851 medici.

1328 883 1389 952 Vs.
1405 884 1492 953 461.
1520 883 1720 982 Proxima]
1749 887 1946 957 Undecima
1956 891 2043 960 'dies
2057 889 2219 966 Ianuarii

1228 998 1280 1054 est
1298 986 1458 1052 dedicata
1479 987 1691 1055 Carurentae
1709 1002 1743 1056 θῖ
1762 987 1942 1061 Iuturnae.

1329 1086 1388 1156 Vs.
1407 1086 1494 1161 462.
1520 1087 1797 1187 Arcadicaewl]
1822 1092 2044 1165 Carmentae.
2084 1095 2147 1168 llla
2163 1102 2218 1171 di-

1227 1188 1318 1255 citur
1336 1191 1492 1276 prinmm
1511 1191 1670 1260 intulisse
1687 1195 1821 1263 litteras
1836 1196 1874 1262 in
1889 1193 2040 1267 ltaliam.
2191 1242 2194 1247 -
2229 1229 2236 1252 =

1329 1289 1388 1360 Vs.
1409 1290 1494 1360 463.
1539 1298 1585 1362 Τθ
1608 1290 1766 1390 ququo]
1801 1294 1942 1368 llladie
1966 1304 2124 1386 esttibi,
2158 1302 2216 1375 Iu·

1225 1403 1352 1467 turna,
1379 1395 1579 1461 dedicatum
1601 1400 1785 1483 templum.

1326 1492 1387 1561 Vs.
1404 1493 1490 1564 464.
1517 1494 1691 1592 Campus]
1710 1502 1765 1567 Ad
1782 1524 1931 1592 aquam,
1958 1530 2050 1596 quae
2064 1522 2215 1581 vocatur

1225 1591 1358 1683 Virgo,
1386 1610 1574 1685 propterea
1593 1606 1689 1690 quod
1713 1602 1829 1670 lentes
1855 1610 2041 1676 monstrati
2066 1613 2214 1683 fuerunt

1225 1720 1244 1761 a
1265 1699 1421 1787 quadam
1445 1699 1593 1787 virgine.

1325 1797 1385 1866 Vs.
1403 1798 1489 1869 469.
1518 1797 1743 1896 Orlaprior]
1770 1803 1923 1874 Arcades
1945 1809 2067 1879 dicunt
2088 1839 2125 1882 se
2153 1841 2212 1885 or-

1226 1911 1279 1967 tos
1296 1901 1403 1969 luisse
1419 1917 1500 1970 aine
1525 1905 1668 1983 lunam,
1697 1907 1792 1994 quod
1819 1920 1967 1995 propter
1993 1913 2213 1987 observatio·

1224 2025 1305 2068 nem
1324 2008 1504 2093 quandam
1523 2017 1642 2073 motus
1658 2004 1763 2072 lunae
1780 2007 1954 2079 existimo.

1325 2103 1385 2172 Vs.
1409 2103 1496 2187 476.
1540 2110 1633 2190 Quae
1657 2109 1761 2175 simul
1787 2110 1985 2209 aetherias]
2021 2113 2212 2206 Elegantes

1224 2206 1407 2288 versiculi,
1432 2208 1669 2276 describentes
1685 2211 1955 2280 vaticinantium
1974 2230 2152 2291 naturam.
2169 2270 2200 2297 ,..

1324 2306 1385 2377 Vs.
1409 2308 1494 2382 482.
1541 2308 1673 2396 Offensa
1692 2314 1810 2397 putans
1830 2309 1897 2409 es]
1931 2314 1972 2383 ln
1995 2318 2074 2409 ipso
2104 2321 2210 2392 exilio
2272 2380 2279 2389 .

1224 2406 1313 2475 nihil
1331 2422 1381 2477 est
1398 2413 1648 2496 turpitudinis,
1675 2414 1705 2479 si
1724 2438 1796 2480 raon
1816 2419 1943 2484 merito
1965 2427 2110 2508 pateris.

1323 2508 1385 2578 Vs.
1400 2508 1487 2580 485.
1516 2517 1657 2583 conscia
1677 2511 1803 2608 6666]
1832 2515 2057 2590 Conscientia
2081 2527 2139 2594 vel
2161 2528 2213 2594 af·

1223 2610 1290 2676 lert
1306 2612 1608 2695 consolationem,
1636 2616 1691 2680 vel
1711 2630 1817 2703 anget
1832 2619 2007 2690 dolorem.

1273 2774 1277 2779 .
1325 2713 1384 2882 Vls.
1399 2715 1486 2783 488.
1531 2717 1650 2786 obruit
1670 2713 1856 2814 ingentes]
1889 2720 2104 2792 Consolatur
2128 2749 2213 2795 eum

1224 2839 1349 2905 exemp
1367 2842 1405 2885 ιε.

1324 2917 1385 2987 Vs.
1401 2917 1487 2988 491.
1512 2915 1789 3015 mul]
1818 2947 1859 2990 cx
1880 2923 2042 3015 Pegasis,
2076 2928 2212 3020 oppido

1223 3016 1449 3099 Thessaliae,
1477 3028 1622 3089 tandem
1639 3020 1805 3091 Corinthi
1825 3026 1892 3092 luit
1908 3029 1999 3097 exul.

1335 3120 1395 3191 Vs.
1411 3122 1497 3192 493.
1526 3125 1632 3194 Omne
1654 3121 1792 3221 solam]
1828 3127 2002 3217 Opposita
2023 3134 2213 3218 sententia,

1222 3221 1278 3288 vel
1297 3225 1508 3314 aetiologia,
1536 3250 1647 3317 quare
1663 3227 1808 3294 exilium
1833 3226 1924 3300 nihil
1947 3228 2078 3305 habeat
2099 3237 2213 3328 turpi·

1222 3325 1368 3395 tudinis.

1322 3425 1383 3497 Vs.
1401 3424 1488 3497 495.
1515 3432 1588 3499 Ner
1604 3429 1684 3516 tiara
1704 3430 1916 3530 tempestae]
1942 3436 2022 3507 Alia
2048 3440 2211 3510 consola-

1223 3527 1274 3595 tio
1291 3549 1311 3593 a
1328 3530 1397 3596 fine
1423 3545 1458 3598 et
1481 3533 1593 3599 exitu:
1630 3532 1712 3599 Non
1737 3535 1805 3600 erit
1830 3551 2001 3626 perpetua
2026 3542 2093 3609 ista
2117 3544 2210 3612 cala-

1223 3630 1349 3707 mitas,
1377 3633 1444 3699 erit
1460 3634 1540 3701 finis
1556 3634 1744 3701 malorum.
1951 3704 1957 3721 ι

1323 3732 1384 3803 Vs.
1399 3731 1485 3803 565.
1512 3741 1650 3806 Nititur
1669 3737 1725 3805 tte
1743 3735 1926 3835 humeris]
1953 3740 2121 3815 Hercules
2140 3748 2208 3815 tiu-

1223 3833 1318 3923 gitur
1336 3838 1543 3906 sustinuisse
1566 3839 1788 3929 aliquamdiu
1813 3842 1971 3925 coelum,
2006 3857 2040 3915 et
2060 3849 2209 3919 subiisse

1224 3962 1289 4025 pro
1305 3937 1461 4009 Atlante.
1514 3939 1559 4006 Et
1574 3941 1747 4028 siguificat
1765 3965 1846 4010 eum
1865 3957 1926 4013 aut
1942 3948 2137 4020 defendisse
2153 3977 2211 4020 re·

1223 4040 1391 4128 ligionem
1418 4055 1452 4108 et
1473 4040 1663 4124 iustitiam,
1697 4056 1760 4111 aut
1784 4046 1941 4133 primum
1964 4053 2124 4122 docuisse
2144 4057 2210 4122 do·

1223 4142 1374 4208 ctrinam
1405 4143 1449 4208 de
1482 4146 1819 4216 rebusrcoelestihus
1845 4149 1883 4216 in
1909 4148 2079 4238 Graecia,
2117 4156 2209 4227 sicut

1222 4239 1427 4332 Alphonsus
1445 4257 1568 4313 nostro
1587 4259 1762 4336 tempore.

1323 4344 1383 4413 Vs.
1394 4342 1480 4415 587.
1506 4350 1623 4417 Idibus
1636 4354 1673 4418 in
1689 4345 1836 4445 magni]
1851 4350 1998 4423 Decima
2016 4360 2122 4429 tertia
2131 4360 2208 4433 dies

1222 4444 1379 4514 Ianuarii
1396 4462 1446 4516 est
1461 4447 1535 4515 lovi
1551 4476 1669 4533 sacra,
1698 4466 1732 4519 et
1748 4476 1790 4518 eo
1806 4456 1862 4520 die
1877 4453 2028 4527 Octavio
2051 4462 2209 4532 venienti

1224 4549 1260 4615 in
1275 4551 1397 4617 urbem
1415 4564 1466 4618 est
1483 4552 1613 4620 trilnrta
1634 4555 1826 4652 appellatio
1841 4556 2003 4647 Augusti.

1323 4651 1383 4722 Vs.
1398 4651 1484 4723 651.
1517 4659 1610 4726 Haec
1635 4654 1725 4753 ubi]
1751 4656 1858 4747 Apud
1883 4658 2053 4732 Ovidium
2076 4668 2131 4737 sol
2152 4667 2207 4737 in-

1222 4755 1381 4844 greditur
1396 4757 1595 4850 Aquarium
1613 4761 1669 4827 die
1688 4762 1748 4830 17.
1763 4758 1919 4833 Ianuarii
1929 4791 1938 4840 ;
1970 4779 2007 4836 al
2022 4768 2059 4836 in
2073 4771 2204 4842 nostris

1221 4858 1432 4927 calendariis
1454 4865 1616 4949 pervenit
1640 4865 1684 4929 ad
1706 4864 1905 4955 Aquarium
1932 4868 1991 4938 10.
2009 4872 2077 4941 die.
2137 4873 2205 4943 Hic

1220 4984 1249 5029 ει
1265 4974 1459 5052 quaeratur
1476 4987 1581 5032 causa
1600 4963 1918 5052 dissimilitudinis,
1949 4960 2022 5040 ¹una
2049 4985 2100 5044 est
2122 4974 2203 5046 illu·

1253 5243 1299 5313 ta)
1317 5246 1492 5306 Arcadicos]
1523 5247 1564 5297 ste
1589 5249 1613 5298 h.
1637 5249 1656 5300 1.
1682 5250 1766 5301 auita.
1791 5250 2010 5314 ¹⁶⁴8-th
2046 5252 2124 5305 ortt.
2147 5257 2198 5308 lt.

1285 5315 1393 5364 Getam
1420 5318 1573 5370 Arcadiae.

1251 5414 1496 5553 timagoram]
1514 5421 1556 5471 stc
1574 5420 1657 5469 uuirt.
1677 5420 1780 5469 1648-
1791 5420 1883 5482 lma
1908 5417 1987 5471 ovid.
2009 5423 2057 5474 116
2076 5423 2198 5492 6161156

1345 5501 1460 5540 uuas.

1635 5554 1682 5625 61
