4784 6256
1 232 60 337 s
122 290 249 374 ω
484 301 486 305 ’
609 337 613 345 -
751 292 876 368 aruc.
911 293 1024 368 uun
1058 292 1261 367 scaram
1294 291 1632 367 ruuonocica
2126 297 2208 370 eae

142 453 230 542 'tes
244 476 280 536 et
294 463 515 557 eloquentes.
565 459 643 554 ligo
665 475 783 534 autem
808 467 1018 537 laudaturus
1033 468 1162 538 lliero-
1214 467 1307 540 Nam
1332 469 1440 560 longa
1466 465 1633 537 saturitas
1659 461 1826 532 obtundit
1845 461 1975 533 celeres
1994 462 2127 537 civium
2147 486 2210 539 co-

175 593 281 653 nem,
320 588 425 658 spero
450 588 509 633 me
536 564 703 656 sagittam
724 592 799 637 non
822 564 1013 639 habentem
1036 595 1164 642 aeneas
1215 569 1423 662 gitationes,
1455 581 1490 639 et
1516 568 1610 638 cives
1628 589 1703 634 non
1723 565 1875 633 libenter
1894 564 2048 643 audiunt
2072 568 2212 645 alienae

176 695 286 766 genas
300 667 540 739 iaculatorum
559 691 653 752 esse,
687 680 722 739 et
745 672 932 744 iacientem
956 674 1083 765 procul
1106 698 1164 744 su·
1215 673 1348 743 laudes.
1391 671 1460 743 Sed
1473 684 1596 740 tamen
1609 668 1737 760 melior
1750 679 1803 736 est
1816 667 2044 739 miseratione
2058 671 2212 748 invidia.

176 788 386 868 peraturnm
402 793 477 840 esse
494 771 728 843 adversarios.
1216 775 1276 844 Tu
1294 797 1380 844 vero
1400 798 1446 843 ne
1465 773 1627 843 remittas
1646 767 1815 853 honesta,
1844 769 1939 841 iusto
1959 771 2061 842 clavo
2081 778 2213 866 guber.

283 872 430 943 Utinam
454 873 554 940 omni
578 886 739 965 tempore
760 875 843 944 felix
864 877 912 946 sit
935 877 1092 961 Hieron,
1131 891 1166 947 et
1216 902 1280 947 nes
1306 877 1518 958 exercitum,
1556 887 1592 945 et
1615 874 1776 965 linguam
1803 895 1889 942 acue
1915 873 1954 941 in
1979 873 2108 948 incude
2132 904 2212 951 non

179 979 254 1052 sine
270 974 433 1054 tristitia;
468 971 569 1066 (Ans.
584 975 639 1071 8.)
664 989 700 1045 et
714 977 863 1067 cogitet,
890 979 1013 1073 quales
1027 1004 1167 1072 pugnas
1216 979 1371 1049 fallente.
1424 976 1524 1074 (Aac.
1539 973 1594 1072 5.)
1619 976 1713 1048 Nam
1734 975 1764 1046 si
1784 975 1872 1069 quid
1891 986 1996 1068 turpe
2017 1002 2038 1061 a
2058 992 2093 1049 te
2112 983 2213 1053 effla-

53 1130 63 1141 ·
180 1077 389 1154 sustinuerit
406 1077 492 1145 forti
518 1077 660 1161 animo,
695 1083 842 1173 quando
869 1083 1001 1151 auxilio
1021 1081 1090 1151 Dei
1113 1083 1167 1151 in·
1218 1082 1335 1165 bitur,
1360 1081 1493 1172 passim
1514 1081 1795 1150 circumferetur.
1846 1077 2045 1150 Multorum
2061 1107 2096 1152 es
2110 1086 2213 1175 prin·

49 2928 55 2934 ’
187 2923 461 2993 Heraclidamm
485 2925 640 3014 posteri,
673 2920 876 2998 habitantes
899 2930 945 2996 ad
960 2930 1175 3021 Taygetum,

181 1192 360 1252 venerunt
380 1174 578 1263 honorem,
611 1182 752 1275 qualem
777 1207 884 1252 nemo
907 1185 996 1255 alius
1012 1185 1168 1255 Graeco·
1220 1208 1317 1278 ceps:
1348 1183 1454 1254 multi
1474 1196 1579 1253 testes
1599 1195 1682 1253 sunt
1701 1184 1745 1250 de
1765 1175 1924 1251 honestis
1945 1195 1981 1251 et
1999 1179 2212 1271 inhonestis,

129 1374 133 1380 .
180 1309 263 1358 rum
286 1281 481 1374 decerpsit,
520 1291 558 1350 et
575 1305 723 1374 magnas
747 1285 903 1358 divitias.
953 1285 1059 1358 Nunc
1081 1285 1169 1360 Phi-
1221 1311 1262 1357 ac
1286 1285 1318 1357 si
1342 1285 1516 1357 manseris
1542 1286 1580 1354 in
1604 1285 1766 1355 moribus
1791 1277 2037 1370 honestis,'et
2055 1287 2212 1361 incunda

179 1390 332 1458 loctetae
353 1408 455 1454 more
478 1384 572 1453 bello
596 1385 776 1472 interfuit,
817 1402 852 1458 et
875 1385 989 1460 hostis
1014 1403 1170 1474 coactus,
1218 1391 1316 1465 fama
1336 1388 1539 1475 delectaris,
1565 1388 1612 1459 sis
1630 1388 1799 1457 liberalis.
1852 1385 1973 1479 thue
1992 1390 2213 1480 gribernmor

182 1512 403 1586 quamquam
418 1488 689 1578 magnanimus,
716 1502 837 1559 tamen
852 1493 885 1561 ei
901 1492 1082 1565 blanditus
1106 1506 1169 1564 est.
1220 1491 1323 1563 n'avis
1344 1491 1512 1583 expandit
1532 1492 1630 1574 vela,
1657 1514 1701 1559 nc
1723 1490 1845 1560 dolose
1864 1491 2002 1580 pandas
2018 1494 2097 1562 vela
2111 1495 2213 1564 blan-

181 1594 292 1663 Fama
318 1604 391 1674 est,
421 1584 552 1659 heroas
582 1591 720 1662 venisse
751 1593 790 1661 in
813 1592 990 1664 Lemnum
1015 1598 1060 1664 ad
1084 1591 1172 1665 Phi·
1222 1597 1276 1665 dis
1295 1594 1420 1679 lucris,
1447 1594 1530 1686 quia
1546 1595 1641 1662 fama
1655 1605 1738 1684 post
1750 1603 1905 1661 mortem
1918 1597 2001 1682 (Ep.
2019 1589 2073 1691 5.)
2095 1610 2214 1667 osten·

180 1697 348 1766 loctetem
370 1692 489 1762 ulcere
518 1705 782 1782 aegrotantem,
818 1694 897 1792 (Bp.
921 1695 975 1794 5.)
999 1698 1171 1775 Poeantis
1222 1698 1277 1768 dit
1305 1721 1425 1768 mores
1453 1709 1702 1779 mortuorum,
1734 1719 1799 1787 per
1830 1707 1991 1765 oratores
2018 1709 2054 1767 et
2076 1712 2217 1792 poetas.

182 1798 316 1879 lilium,
340 1806 382 1864 ut
400 1817 482 1863 eum
497 1794 733 1879 abducerent,
758 1798 979 1892 qui'l'roiam
996 1803 1110 1894 cepit,
1136 1814 1173 1872 et
1222 1801 1308 1874 Non
1328 1798 1547 1889 extinguitur
1572 1798 1694 1871 Croesi
1716 1797 1873 1869 benefica
1897 1796 2028 1879 virtus;
2052 1802 2117 1870 sed
2137 1826 2215 1875 sac·

185 1898 302 1969 linivit
318 1897 460 1965 labores
475 1894 631 1980 Danais,
658 1923 878 1994 quamquam
897 1925 1004 1994 aegro
1020 1928 1173 1997 corpore
1223 1927 1309 1973 vum
1325 1902 1486 1972 animum
1503 1897 1718 1985 Phalaridis,
1746 1901 1809 1994 qui
1823 1899 1862 1968 in
1877 1923 1989 1971 aeneo
2000 1913 2109 1972 nuto
2123 1902 2213 1974 ussit

185 2000 402 2094 procedens,
429 1999 514 2092 quia
541 1999 649 2069 fatale
671 2015 768 2085 erat,
800 2002 963 2077 llerculis
984 2008 1063 2079 telis
1079 2007 1173 2077 Tro·
1223 2002 1407 2088 homines,
1439 2004 1575 2098 ubique
1599 2004 1791 2074 comitatur
1812 2001 1978 2084 infamia;
2010 2027 2076 2074 nec
2100 2002 2213 2075 citha-

186 2105 259 2173 iam
285 2101 376 2193 capi.
428 2100 487 2170 Sic
507 2099 604 2173 Deus
631 2106 730 2174 adest
752 2105 904 2176 Hieroni
927 2112 1174 2195 confirmator,
1225 2133 1286 2178 rae
1308 2108 1523 2179 domesticae
1547 2108 1726 2199 rccipiunt
1749 2130 1830 2175 eum
1849 2106 1894 2173 ad
1911 2119 2050 2196 gratam
2066 2129 2214 2177 conver·

187 2207 250 2301 qui
266 2218 300 2274 et
316 2203 482 2296 deinceps
499 2205 560 2273 det
576 2206 608 2273 ei
624 2219 758 2297 optata.
1225 2211 1401 2282 sationem
1424 2210 1613 2281 sodalium.
1671 2207 1757 2279 Esse
1782 2210 2021 2291 fortunatum,
2053 2210 2215 2300 primum

162 2363 166 2369 .
293 2306 466 2389 OMusa,
499 2306 586 2377 velis
606 2321 642 2377 et
665 2310 760 2402 apud
783 2312 1033 2398 Dinomenen,
1061 2314 1174 2384 lilium
1226 2313 1427 2406 praemium
1445 2326 1514 2393 est;
1539 2313 1759 2394 bonafama,
1784 2310 1994 2389 secundum;
2020 2311 2214 2380 cuiautem

187 2410 375 2493 llieronis,
402 2432 530 2479 sonare
550 2413 750 2501 praemium
774 2417 1048 2510 quadrigarum,
1075 2418 1175 2487 laeti·
1226 2430 1418 2511 utrumque
1455 2415 1649 2506 contingit,
1690 2414 1720 2484 is
1752 2438 1922 2483 coronam
1950 2437 2128 2482 summani
2159 2437 2216 2480 ac-

112 2536 115 2543 “
186 2517 277 2586 tiam
292 2536 368 2582 non
386 2511 539 2580 alienam
564 2536 584 2581 a
607 2515 719 2604 patris
741 2512 915 2589 victoria.
954 2516 1084 2590 Postea
1106 2504 1176 2612 ipisi
1209 2504 1400 2612 ·'cepit.‘··

186 2613 385 2687 Dinomeni
415 2637 583 2685 canemus
604 2610 801 2707 hymnum,
841 2618 934 2713 (Ser.
950 2619 1004 2717 4.)
1031 2622 1197 2692 cuiun-‘¹
1267 2664 1270 2671 ·
1373 2678 1376 2683 -

108 2762 111 2767 ·
186 2722 269 2790 bem
292 2718 391 2785 illam
411 2715 550 2786 llieron
573 2719 734 2790 condidit
756 2747 837 2792 eum
858 2723 1043 2808 libertate,
1076 2725 1175 2796 iuxta
1636 2724 1728 2808 Ode
1756 2724 1812 2805 ll.

185 2823 281 2912 leges
314 2841 467 2888 normae
488 2819 701 2911 Spartanae.
765 2821 957 2918 Pamphyli
986 2839 1105 2899 autem
1132 2841 1176 2897 et
1468 2876 1586 2942 Eidem
1610 2862 1794 2940 „mm
1821 2863 1973 2960 gem·

187 3049 328 3119 semper
341 3025 469 3094 volunt
481 3046 629 3095 manere
644 3026 683 3094 in
703 3028 840 3118 legibus
854 3028 1009 3121 Aegimii
1023 3031 1176 3103 Dorien-
1329 3028 1421 3114 (Str.
1435 3022 1485 3119 1.)
1512 3022 1546 3091 Ο
1561 3018 1645 3090 urbs
1660 3020 1902 3113 Syracusana,
1929 3015 2104 3109 [implum
2119 3017 2219 3086 Mar·

181 3130 254 3217 sis,
298 3140 334 3195 et
366 3138 560 3196 tenuerunt
591 3127 778 3221 Amyclas,
829 3156 909 3202 eum
943 3135 1123 3205 venissent
1153 3159 1174 3202 a
1228 3129 1292 3212 tis,
1324 3128 1447 3196 nutrix
1460 3125 1702 3205 'bellatorum
1733 3121 1800 3189 tibi
1821 3116 1890 3189 hoc
1911 3143 2058 3189 carmen
2080 3115 2217 3190 Thebis

185 3229 306 3299 Pindo
337 3227 492 3297 celebres
519 3228 627 3297 vicini
649 3230 964 3322 Tyndaridarum,
1006 3238 1069 3330 qui
1091 3236 1176 3307 belli
1227 3233 1368 3301 adfero:
1388 3231 1435 3298 ¹in
1458 3253 1531 3322 quo
1554 3251 1632 3297 sum
1649 3224 1797 3295 nuntius
1813 3223 2029 3316 quadrigae,
2054 3247 2149 3317 quae
2166 3223 2217 3290 vi·

186 3329 302 3422 gloria
321 3328 534 3398 floruerunt.
1007 3382 1009 3387 -
1079 3370 1082 3375 ·
1227 3331 1464 3415 ctorornasit
1480 3329 1669 3424 Ortygiam
1681 3329 1803 3398 sedem
1818 3324 1976 3409 Dianae,
2002 3324 2103 3396 cuius
2118 3325 2216 3394 auxi·

259 3474 263 3485 ·
291 3429 392 3528 (ΔΜ.
409 3429 463 3526 4.)
490 3429 525 3500 0
545 3429 701 3525 Iupiter,
733 3459 876 3528 semper
897 3439 1027 3523 facito,
1059 3451 1176 3509 nt'ta-
1225 3438 1276 3507 lio
1295 3435 1440 3521 domuit
1459 3442 1596 3528 equos..
1633 3436 1734 3520 (Aac
1752 3428 1803 3523 1..)
1828 3427 1923 3500 Nam
1945 3428 2048 3519 virgo
2063 3439 2215 3520 utraque

186 3535 258 3604 lem
272 3534 458 3604 fortunam
476 3558 604 3628 regum
629 3548 664 3606 et
686 3537 818 3608 civium
840 3543 886 3610 ad
903 3540 1053 3612 fluvium
1068 3540 1176 3612 Arria
1226 3536 1594 3611 manniatMercurius
1609 3534 1812 3604 radiantem
1828 3543 1996 3602 ornatum
2013 3531 2216 3622 imponunt,

187 3637 450 3708 namcelebret
469 3663 576 3710 verns
598 3663 717 3710 sermo
740 3636 951 3728 hominnm,
994 3657 1030 3714 et
1056 3659 1173 3716 tecum
1226 3644 1374 3739 quando
1398 3641 1514 3732 iungit
1531 3663 1644 3733 equos
1658 3646 1697 3706 et
1710 3660 1876 3718 summ,
1902 3633 2060 3704 etsimul
2072 3631 2215 3701 invocat

186 3764 251 3811 rex
269 3742 344 3811 filio
368 3742 583 3833 praecipiat,
618 3755 653 3811 et
667 3758 772 3835 regat
793 3748 989 3839 populum,
1023 3761 1060 3816 et
1077 3762 1176 3819 curet
1226 3746 1447 3839 Neptunum.
1473 3741 1575 3811 alii
1591 3751 1719 3832 poetae
1741 3737 1820 3808 aliis
1840 3735 2215 3828 regibussctipserunl

188 3846 401 3915 concordem
417 3845 724 3938 tranquillitatem.
776 3850 935 3920 Obsecro
953 3847 1088 3941 lupiter
1111 3875 1174 3921 an·
1226 3850 1405 3932 carmina,
1429 3857 1580 3938 propter
1602 3839 1932 3914 eorumvirtutem.
1983 3837 2085 3909 Circa
2108 3836 2216 3930 Ciny·

66 3998 67 4003 η
187 3947 290 4015 nuito
314 3945 471 4042 placide,
505 3959 545 4017 ut
566 3948 666 4016 domi
689 3944 886 4022 Phoenices
909 3965 944 4021 et
966 3949 1176 4045 Tyrrheno·
1225 3975 1304 4022 ram
1329 3949 1545 4044 Cypriorum
1574 3957 1706 4017 sonant
1735 3943 1949 4035 praeconia,
1982 3966 2089 4036 quem
2112 3941 2215 4010 valde

58 4114 61 4121 .
187 4070 270 4119 rum
294 4045 489 4117 multitudo
512 4049 831 4122 sentiat-navalem
855 4055 1088 4141 seditionem,
1121 4059 1174 4126 vi·
1226 4055 1350 4124 dilexit
1363 4054 1622 4145 Apollo,·(b'p.
1640 4048 1692 4143 1.)
1714 4047 1935 4120 sacerdotem
1948 4043 2096 4114 Veneris
2111 4042 2216 4113 fami·

187 4146 315 4240 dens⁰)
338 4170 495 4238 pugnam
521 4153 567 4221 ad
590 4151 743 4238 Cumas,
776 4155 925 4254 (aaa.)
960 4159 1021 4227 ubi
1038 4160 1174 4229 domiti
1224 4159 1364 4227 liarem.
1415 4154 1525 4227 Ducit
1544 4151 1795 4241 autemgratia
1810 4161 1954 4229 mutua,
1977 4167 2128 4237 sequens
2143 4164 2213 4233 pro

187 4262 272 4322 sunt
288 4251 333 4318 ab
347 4248 524 4336 Hierone,
550 4256 614 4348 qui
635 4258 818 4330 velocibus
837 4262 989 4331 navibus
1012 4261 1050 4330 in
1072 4287 1173 4332 mare
1224 4259 1436 4335 benefactis:
1463 4271 1570 4350 teque
1581 4253 1770 4325 Locrensis
1786 4252 1911 4322 civitas
1921 4248 2029 4319 lliero
2045 4245 2215 4327 celebrat,

185 4352 436 4444 praecipitavit
469 4380 593 4428 omnes
627 4384 753 4431 eorum
786 4363 936 4447 milites,
982 4364 1171 4435 Graeciam
1225 4365 1350 4434 videns
1363 4361 1610 4440 securitatem,
1634 4355 1844 4426 tuavirtute
1857 4348 2018 4425 hostilnn
2031 4347 2215 4441 repressis.

184 4455 285 4546 gravi
310 4457 480 4539 seryitute
510 4458 679 4533 liberans.
747 4465 956 4556 Ampleotor
976 4463 1172 4539 Athenien·
1239 4461 1252 4486 ²
1325 4466 1485 4537 Narrant
1499 4472 1632 4541 autem,
1648 4456 1819 4526 Deorum
1833 4458 1931 4528 iussu
1941 4454 2102 4527 Ixionem
2117 4474 2216 4520 mor-

183 4557 275 4629 sium
293 4559 467 4648 gratiam,
493 4563 624 4654 quibus
638 4588 773 4636 merces
795 4569 946 4639 debetur
968 4595 1035 4661 pro
1060 4570 1172 4640 ueto.
1224 4568 1354 4637 talibus
1376 4566 1415 4647 in
1436 4576 1516 4633 rota
1531 4562 1732 4632 volutatum
1748 4554 1837 4629 haec
1850 4555 2077 4657 concionqi:
2098 4555 2215 4625 Bene·

183 4661 237 4730 ria
264 4662 309 4729 ad
334 4661 556 4735 Salaminen:
600 4666 694 4737 etin
718 4669 848 4760 Sparta
873 4672 990 4740 dicam
1012 4692 1170 4764 pugnam
1222 4669 1352 4739 factori
1366 4664 1560 4758 gratauice
1575 4661 1907 4756 compensationem
1920 4658 2122 4732 faciendam
2138 4681 2213 4728 esse

184 4758 512 4848 adCithaeronem,
534 4767 597 4837 ubi
607 4767 707 4838 Medi
723 4772 1170 4846 iaculatoresdefececont.
1224 4774 1267 4841 ab
1292 4773 1354 4855 iis,
1381 4770 1443 4864 qui
1465 4768 1634 4839 beneficia
1656 4776 1880 4858 acceperunt.
1933 4768 2028 4852 (Str.
2048 4758 2104 4857 2.)
2136 4759 2214 4828 Hoc

181 4862 396 4936 Dinomenis
414 4880 533 4938 autem
558 4869 638 4941 liliis
661 4867 837 4965 hymnum
858 4876 1062 4968 perficiam,
1086 4901 1171 4969 pro7
1222 4874 1367 4959 didicit,
1402 4897 1482 4944 cum
1514 4875 1609 4964 apud
1638 4869 1735 4940 Deos
1766 4867 1910 4950 vivens,
1940 4890 2018 4934 non
2046 4862 2216 4936 sustinuit

181 4981 263 5058 pter
277 4991 434 5058 pugnam
453 4970 492 5038 in
504 4970 584 5063 ripa
600 4972 788 5062 Himerae,
814 5003 922 5073 quem
931 5000 1005 5069 :pro
1021 4980 1170 5050 devictis
1221 4974 1430 5059 diuturnam
1463 4975 1691 5058 felicitatem,
1731 4970 1876 5067 quando
1916 4968 2056 5038 furente
2089 4964 2215 5037 animo

125 5148 128 5153 ,
180 5065 344 5143 hostibus
360 5086 584 5163 receperunt.
783 5120 790 5139 .
1012 5134 1015 5141 .
1222 5080 1358 5150 amavit
1391 5074 1586 5160 lunonem,
1628 5075 1722 5147 lovis
1752 5074 1953 5164 coniugem.
2029 5068 2099 5138 Sed
2125 5088 2216 5135 eum

284 5169 375 5268 (Str.
388 5171 444 5272 5.)
471 5174 510 5247 si
523 5191 726 5270 opportune
739 5181 856 5266 dicas,
880 5195 1065 5273 magestas
1077 5186 1169 5256 mul-
1220 5182 1419 5276 petulantia
1443 5182 1588 5275 impulit
1604 5182 1650 5251 ad
1667 5177 1860 5269 superbum
1876 5175 2001 5245 scelus.
2042 5167 2133 5238 -Cito
2149 5192 2216 5240 au-

181 5286 301 5343 torum
321 5277 477 5348 breviter
496 5280 731 5371 complicans,
758 5283 876 5355 minus
889 5285 1050 5379 sequitur
1062 5287 1167 5361 livor.
1219 5300 1292 5357 tem
1329 5287 1436 5376 digna
1471 5290 1616 5377 passus,
1666 5277 1841 5369 insignem
1880 5284 2037 5369 poenam
2072 5266 2215 5342 habuit.

180 5430 221 5443 --
249 5434 284 5439 --
317 5436 385 5448 --
1108 5470 1110 5475 .
1219 5389 1302 5479 Duo
1333 5380 1429 5456 enim
1459 5384 1574 5456 tristia
1600 5382 1675 5452 eius
1698 5380 1826 5450 delicta
1851 5380 2013 5450 fuerunt:
2046 5375 2212 5457 alterum,

193 5468 248 5564 *o
267 5502 380 5574 viarm]
397 5484 441 5563 at
457 5497 977 5581 aa.sstssas.1ttaunm.,.·
1019 5544 1039 5557 .‚
1079 5480 1109 5501 ”
1220 5480 1519 5585 qiiod'hieheroi
1535 5485 1675 5579 primus
1689 5495 1881 5576 cognatum
1893 5476 2111 5573 sanguinem
2125 5478 2216 5550 dolo
