4778 6240
174 257 251 334 505
435 276 437 280 ·
634 246 734 322 olel.
784 232 1070 322 ENARRATlO
1102 247 1579 324 METAMORPHOSEON
1597 249 1773 328 -ovtmt
1918 288 1962 353 .'
2124 260 2202 338 506
2298 336 2302 345 ,

175 433 364 513 etiamen,
391 427 490 522 quod
505 449 557 494 -ex
580 422 805 517 sermonibus
827 419 938 513 ipsius
956 416 1164 490 Promethei
1215 422 1268 492 Ac
1290 424 1432 493 videtur
1454 421 1607 495 Ovidius
1626 427 1848 516 praeclaram
1874 425 1967 496 hanc
1990 413 2201 504 sententiam

174 533 314 608 affluxit
337 533 383 600 ad
415 541 537 620 gentes
559 528 721 596 doctrina
743 529 787 595 de
810 523 991 593 creatione
1013 520 1164 619 humani
1216 539 1400 598 mutuatus
1423 550 1443 594 a
1465 526 1516 598 M.
1538 525 1660 597 Tullio
1686 528 1877 614 Cicerone,
1922 530 1984 623 qui
2011 533 2131 621 primo
2157 536 2202 604 de

138 640 142 647 ’
175 636 329 732 generis,
349 657 477 724 nempe
496 633 594 724 quod
606 630 704 700 Deus
720 630 766 699 ad
784 627 978 717 imaginem
994 627 1049 696 sui
1065 649 1164 695 crea·
1214 627 1339 721 Legib.
1357 627 1411 722 1⁹)
1438 628 1488 699 ita
1513 629 1659 699 scribit:
1704 630 1876 722 Figuram
1908 635 2070 724 corporis
2099 630 2203 704 babi-

175 742 226 811 rit
248 736 446 809 hominem.
497 732 707 802 Lactantius
725 730 930 800 Firmianus
951 740 1055 820 putat
1074 729 1163 799 Pro·
1215 731 1285 801 lem
1308 744 1344 800 et
1366 742 1488 821 aptam
1514 731 1659 822 ingenio
1684 729 1844 803 humano
1862 735 1978 815 dedit,
2011 760 2098 806 nam
2121 762 2203 808 cum

174 837 317 913 methea
332 841 439 910 luisse
456 836 635 926 primum,
662 834 724 928 qui
738 845 873 904 statuas
896 855 958 902 seu
974 830 1162 901 simulacra
1216 847 1373 903 caeteros
1401 834 1600 904 animantes
1623 836 1806 907 abiecisset
1828 839 1873 906 ad
1897 849 2059 929 pastum,
2084 840 2203 910 solum

174 944 337 1026 tinxerit,
364 966 405 1010 ae
423 939 546 1012 scribit
561 939 662 1007 illum
681 936 808 1006 vixisse
825 934 1045 1026 temporibus
1058 930 1165 1016 lovis,
1215 933 1400 1007 hominem
1417 938 1547 1020 erexit,
1567 950 1604 1006 et
1616 940 1661 1006 ad
1677 940 1768 1008 coeli
1780 940 1885 1035 quasi
1901 940 2125 1031 cognationis
2139 945 2204 1013 do·

174 1048 306 1141 quibus
321 1044 454 1136 templa
473 1041 661 1123 constitui,
687 1053 722 1109 et
745 1039 841 1107 idola
864 1038 934 1106 coli
957 1049 1164 1128 coeperunt.
1188 1026 1191 1122 l
1215 1040 1411 1132 miciliique
1425 1039 1568 1131 pristini
1586 1043 2011 1132 conspectum-excitavit.
2038 1035 2201 1113 Eandem

173 1149 290 1219 Divus
314 1161 436 1217 tamen
449 1144 670 1234 Augustinus
693 1142 850 1211 fabulam
874 1139 1021 1231 exponit
1036 1141 1162 1216 eodem
1215 1166 1302 1210 vero
1320 1143 1533 1212 seutentiam
1550 1142 1657 1214 Silius
1675 1141 1818 1214 Italicus
1833 1142 1865 1185 ¹²
1873 1147 1903 1238 ¹)
1919 1146 2098 1228 imitatus,
2123 1148 2205 1215 red-

173 1254 249 1321 fere
275 1253 405 1332 modo,
439 1273 511 1340 quo
533 1271 620 1328 nos,
661 1245 826 1313 videlicet
857 1244 901 1310 de
924 1242 1104 1355 sapientia
1131 1253 1165 1310 et
1215 1245 1307 1313 didit
1321 1240 1377 1314 his
1396 1245 1573 1329 versibus,
1597 1247 1701 1316 bonis
1725 1247 1890 1340 quidem,
1916 1250 1980 1318 sed
2002 1249 2108 1339 longe
2131 1236 2201 1351 diss,

175 1353 362 1434 doctrina,
406 1374 476 1443 qua
511 1350 569 1417 ille
603 1344 792 1417 bominum
829 1345 969 1415 animos
1000 1343 1164 1413 excoluit.
1189 1410 1191 1421 ,
1216 1346 1408 1416 similibus:
2194 1356 2198 1362 “

142 1467 145 1471 .
173 1454 228 1526 lta
245 1456 340 1573 enlm
357 1454 478 1571 mihil
495 1450 696 1570 defivilale
713 1448 799 1567 pei:
827 1446 1075 1564 Regnanlibm
1092 1470 1165 1514 Μ’
1189 1432 1193 1569 l
1267 1497 1477 1563 Ronnovides,
1497 1498 1681 1549 hominumue
1698 1503 1790 1550 celsos
1808 1501 1843 1550 sd
1863 1499 1958 1550 sidere
1976 1500 2071 1551 vultos

174 1572 326 1628 moralls
348 1557 491 1646 reglbus
510 1556 651 1624 luissea
673 1552 885 1646 quibusdam
905 1550 1062 1618 credllur
1075 1549 1165 1640 Pro·
1189 1575 1193 1661 p
1267 1568 1420 1617 sustulerit
1441 1568 1529 1630 Deus,
1547 1581 1580 1617 ac
1598 1569 1725 1619 sublimia
1742 1570 1855 1618 fluxerit
1871 1563 1942 1619 orel

174 1657 361 1741 metuens
402 1682 508 1750 quem
540 1669 730 1749 propterea
763 1654 884 1722 serunt
912 1654 956 1720 de
988 1652 1065 1721 1...
1083 1652 1165 1719 ¹01-
1267 1636 1489 1768 secem
1502 1637 2140 1756 aestiuumzetum„‘atu

174 1787 293 1834 masse
315 1758 497 1840 homines,
533 1759 618 1851 quia
644 1757 800 1848 optimus
822 1754 1017 1843 sapientiae
1038 1756 1166 1823 doctor
1688 1720 1703 1766 Ρ
2126 1742 2133 1755 ’

174 1867 282 1935 fuisse
309 1859 531 1954 perhibetur.
603 1859 683 1951 Qua
712 1883 797 1927 vero
831 1856 1060 1948 providentia
1084 1855 1166 1939 Dei,

167 1965 286 2036 bomo
303 1968 347 2036 sit
364 1976 519 2046 creatus,
549 1960 685 2031 indicat
701 1959 883 2053 aptissima
900 1959 1062 2051 corporis
1077 1961 1165 2050 figu-

175 2093 238 2151 ra,
264 2081 299 2138 et
314 2067 465 2136 facultas
478 2063 650 2147 rationis,
677 2089 747 2158 qua
765 2062 1005 2154 ipseabrutis
1027 2063 1164 2141 differt}
1237 2138 1245 2153 .
1426 2135 1435 2151 ‚
1489 2134 1497 2149 ‚
1740 2134 1748 2150 ,
2105 2136 2115 2152 ‚

176 2195 327 2264 eamque
354 2168 594 2238 differentiam
614 2166 766 2236 Ovidius
798 2167 836 2233 in
865 2162 933 2234 hac
961 2166 1082 2234 sabula
1108 2189 1166 2234 ex-
1217 2150 1306 2208 srnt:
1340 2159 1382 2206 eo
1407 2136 1644 2225 significatum
1672 2135 1849 2219 arbitror,
1890 2158 1971 2202 eum
1999 2136 2203 2205 doctrinam

178 2275 476 2367 plicatperquam
494 2264 835 2347 efflditehjgperbis
863 2267 956 2355 (νῆ,
974 2267 1023 2337 76
1041 2266 1131 2360 sq·):
1191 2243 1262 2351 ¹de
1285 2238 1385 2321 Deo,
1425 2250 1460 2306 et
1482 2238 1576 2305 vitae
1601 2237 1716 2327 leges,
1751 2249 1786 2304 et
1817 2236 1903 2304 anni
1935 2237 2203 2313 ordinationem

229 2397 392 2464 Sanctius
410 2390 465 2458 tis
476 2390 608 2457 animal
623 2392 807 2480 mentisque
821 2391 980 2474 capacius
991 2389 1081 2455 attae
1191 2354 1195 2463 l
1218 2343 1340 2413 “¹⁰¹¹ss
1352 2339 1495 2432 P⁰P⁰¹l⁵
1511 2335 1711 2457 tm‘lldlsse‘
1736 2351 1777 2408 ¹¹¹
1789 2339 1884 2456 ΨΜ
1901 2359 2027 2455 {mum
2042 2364 2208 2432 ⁰⁰fP⁰¹³s

1191 2482 1194 2493 ·
1218 2441 1287 2513 hoc
1303 2456 1375 2525 est,
1401 2443 1508 2512 rudes
1525 2465 1651 2523 ammi,
1676 2436 1835 2511 honestes
1853 2442 1988 2510 artibus
2004 2444 2206 2512 excoleren-

231 2499 360 2562 ΗΘΜ
391 2492 524 2572 ‘uim’
577 2502 609 2559 ei
639 2492 931 2659 ‘'ixpdi’ml'iw
965 2513 1004 2555 m
1031 2495 1165 2555 melem
1191 2527 1194 2539 ⁸
1219 2560 1288 2616 tur.
1320 2543 1406 2613 Fuit
1420 2545 1516 2612 enim
1534 2555 1762 2614 astronomus
1776 2567 1841 2612 suo
1860 2554 2022 2634 tempore
2041 2544 2225 2615 omnium

586 2614 675 2678 ΡΜ
738 2604 753 2676 )
1126 2710 1134 2725 ,
1218 2646 1472 2741 peritissimus,
1496 2658 1585 2716 teste
1600 2645 1745 2724 Servio;
1770 2668 1812 2712 ac
1835 2645 2008 2737 quoniam
2031 2646 2145 2715 fertur
2166 2646 2206 2713 in

179 2713 321 2830 Dium*
360 2734 455 2828 ΨΜ
487 2722 649 2780 sanctum
679 2722 713 2778 et
748 2733 786 2827 ci
790 2733 859 2828 pax
891 2710 999 2829 altae.
1023 2721 1166 2793 menm’
1219 2751 1378 2821 Caucaso
1401 2761 1544 2832 monte,
1576 2748 1729 2842 Aquilae
1750 2746 1843 2838 sigui
1865 2747 2025 2817 coelestis
2049 2771 2207 2832 causam,

179 2810 1018 2901 anemalratronale,habensagmtrouemllcu
1043 2825 1165 2905 estque
1217 2867 1407 2936 mmmm,
1442 2822 1606 2920 eg’situm
1634 2851 1848 2941 indagasse,
1892 2851 1938 2918 ob
1963 2845 2056 2918 hanc
2080 2873 2206 2918 curam

1218 2956 1543 3026 etsollicitudinem
1564 2953 1710 3042 fingitur
1740 2954 1905 3044 alligatus
1929 2950 2110 3034 Caucaso,
2143 2951 2208 3022 ubi

1190 3036 1193 3173 Ι
1217 3060 1337 3152 aquila
1355 3082 1417 3127 cor
1430 3057 1541 3149 ipsius
1556 3059 1692 3125 exedat.
1727 3054 1783 3123 Ad
1801 3052 1905 3138 baec,
1931 3054 2070 3125 Plinius
2086 3055 2207 3138 refert,

1216 3161 1399 3229 flammam
1425 3185 1444 3228 a
1464 3154 1681 3228 Prometheo
1707 3180 1889 3227 excussam
1911 3180 1932 3224 e
1954 3158 2072 3240 silice,
2107 3156 2207 3226 cuius

1216 3289 1301 3332 usus
1317 3275 1421 3331 antea
1440 3274 1516 3330 erat
1534 3262 1695 3350 ignotus,
1726 3258 1946 3351 quodetiam
1970 3260 2133 3330 existimo
2157 3258 2207 3326 al·

1216 3366 1370 3456 legorice
1389 3365 1522 3435 dictum
1541 3387 1628 3432 esse.

1189 1818 1193 1898 l
1216 1828 1333 1899 Porro
1356 1830 1454 1923 quod
1476 1822 1712 1897 Prometheus
1743 1828 1890 1918 tingitur
1915 1827 2047 1896 auxilio
2069 1828 2204 1900 Miner-

1217 1955 1283 2001 vae
1298 1931 1337 1999 in
1352 1931 1493 2001 coelum
1509 1929 1726 2013 ascendisse,
1753 1941 1788 1997 et
1803 1929 1923 2020 ignem
1947 1931 2062 2019 facula
2088 1943 2205 2002 sustu-

1216 2035 1297 2105 lisse
1327 2035 1372 2103 de
1403 2045 1482 2102 rota
1509 2033 1613 2113 solis,
1654 2056 1726 2124 quo
1749 2030 1829 2122 igne
1860 2027 2026 2102 homines
2055 2033 2237 2101 auimati‘

179 2919 276 2988 solus
292 2913 403 2984 bomo
419 2917 597 3006 particeps
613 2914 784 2998 rationis,
812 2915 911 2985 cuius
927 2929 1065 2985 caetera
1089 2939 1167 2982 anr-

177 3019 288 3089 malia
303 3018 425 3086 omnia
444 3029 528 3087 sunt
543 3016 712 3108 expertia.
763 3017 888 3110 Neque
912 3018 1009 3087 aliud
1033 3017 1166 3108 signifi-

179 3135 237 3192 cat
253 3118 416 3190 hocloco
432 3144 532 3190 mens
547 3120 638 3202 alta,
664 3119 735 3188 nisi
755 3120 933 3189 rationem
952 3121 1080 3189 notitia
1096 3118 1166 3187 Dei

178 3222 315 3315 etlegis
337 3236 509 3306 naturae,
536 3246 628 3316 quae
651 3235 703 3292 est
727 3223 850 3292 radius
872 3223 1070 3313 sapientiae
1084 3220 1165 3305 Dei,

177 3329 406 3397 illustratam.
442 3325 493 3393 Ac
510 3326 631 3393 omnia
645 3321 752 3394 huius
767 3325 897 3394 mentis
911 3325 1064 3416 imperio
1083 3326 1165 3394 sub-

177 3432 269 3499 iecta
294 3440 388 3498 suut.
440 3427 534 3498 Nam
559 3428 623 3497 etsi
647 3429 758 3497 multa
782 3428 1020 3497 animantium
1035 3450 1164 3519 genera

180 3544 217 3602 et
238 3532 330 3600 mole
355 3544 389 3599 et
403 3532 534 3600 robore
552 3531 712 3621 corporis
736 3543 920 3621 praestant
942 3537 1051 3623 (quae
1068 3530 1164 3598 enim

179 3632 338 3705 hominis
354 3633 577 3724 comparatio
593 3634 651 3701 vel
665 3635 710 3700 ad
725 3632 934 3716 balaenam,
961 3633 1018 3701 vel
1033 3635 1079 3700 ad
1096 3633 1165 3700 ele·

175 3735 416 3831 phantum?):
448 3748 568 3802 tamen
583 3735 658 3824 ipse
684 3733 845 3802 omnium
862 3735 1030 3806 dominus
1047 3735 1165 3805 existit
1292 3742 1353 3814 Vs.
1370 3743 1430 3815 89.
1469 3747 1585 3815 Aureo
1605 3746 1719 3833 prima
1743 3749 1820 3810 sata
1838 3748 1889 3808 est
1911 3747 2025 3818 aetas,
2053 3748 2120 3805 etc.

178 3848 330 3930 propter
350 3837 541 3906 rationem.
606 3834 683 3902 Hac
710 3835 882 3903 nimirum
918 3837 957 3903 in
984 3839 1165 3928 profundo

181 3961 300 4033 aquae
321 3937 435 4028 pisces
458 3938 572 4027 capit;
606 3934 673 4006 hac
695 3936 732 4003 in
756 3949 851 4004 terra
871 3940 964 4008 seras
982 3953 1017 4007 et
1030 3941 1165 4010 belluas

181 4043 327 4118 domat;
354 4035 421 4108 hac
438 4064 456 4107 c
473 4039 618 4108 sublimi
633 4062 714 4107 aere
730 4040 891 4108 volucres
913 4040 952 4106 iu
973 4066 1073 4110 suam
1098 4067 1163 4133 po-

179 4155 345 4214 testatem
371 4141 520 4232 redigit3
560 4144 673 4232 figura
703 4142 789 4209 item
817 4141 978 4233 corporis
1002 4138 1165 4227 humani,

178 4270 257 4316 non
280 4267 416 4336 prona,
453 4246 516 4314 sed
544 4257 680 4326 erecta,
714 4244 969 4314 documentum
994 4257 1047 4314 est
1073 4246 1165 4329 finis,

181 4351 227 4418 ad
250 4371 355 4442 quem
377 4343 488 4416 homo
514 4360 652 4416 creatus
677 4359 746 4416 est:
783 4370 913 4437 nempe
938 4349 984 4416 ad
1010 4348 1167 4438 agnitio-

179 4475 263 4520 nem
279 4448 369 4532 Dei',
396 4462 431 4518 et
454 4450 793 4541 contemplationem
808 4473 929 4519 rerum
948 4450 1165 4536 coelestium,

179 4577 334 4646 quarum
354 4553 592 4642 spectaculum
619 4554 664 4620 ad
686 4554 826 4622 nullom
847 4543 945 4621 aliud
961 4576 1072 4643 genus
1088 4555 1165 4623 ani-

178 4655 328 4725 malium
343 4655 518 4744 pertinet,
552 4679 660 4748 quam
683 4658 729 4723 ad
749 4650 1094 4745 genushumanum:
1127 4659 1164 4726 id

179 4756 411 4874 q⁰⁰d.⁰li³¹¹i
439 4768 545 4847 ΡΜ
568 4769 691 4873 mim
710 4758 886 4874 fignificat
909 4759 1026 4828 verbi⁵
1040 4761 1164 4829 adm&
1217 4818 1311 4876 ctam
1328 4829 1402 4877 esse
1417 4816 1640 4896 argenteam
1662 4799 1791 4870 deinde
1807 4822 1849 4868 ex
1873 4793 2040 4889 argentea
2065 4794 2200 4862 factam

179 4863 266 4932 dum
281 4859 497 4942 lummbm'
524 4882 603 4927 cum
618 4871 737 4952 mqmi
763 4859 856 4949 lv*
871 4857 976 4973 84.-
987 4862 1083 4959 86.):
1218 4933 1292 4981 esse
1307 4931 1476 4988 aeneam;
1509 4930 1551 4976 ac
1565 4916 1750 4998 postremo
1761 4902 1928 4974 terream.
1980 4897 2121 4969 Dicitur
2136 4915 2201 4961 au·

258 4985 524 5102 Pronaqpecum
538 4987 690 5101 spectent
700 4983 867 5052 animalia
879 4992 1009 5051 metere
1022 4992 1163 5072 terram,
1216 5026 1288 5081 tem
1304 5011 1422 5104 prima
1439 5022 1536 5081 aegas
1552 5031 1680 5094 aurea,
1711 5015 1788 5077 sum
1803 5015 1952 5098 propter
1968 5015 2137 5073 naturam
2164 5004 2202 5063 et
2304 5032 2310 5039 ·

258 5087 304 5153 02
317 5085 447 5152 bomem
459 5084 597 5152 sublsme
613 5085 722 5165 dedu,
746 5085 932 5177 coelumque
952 5090 1042 5156 lueri

257 5188 364 5252 luerit
376 5196 408 5254 et
422 5195 545 5254 erectos
559 5188 605 5255 ad
618 5187 732 5254 sidera
747 5188 862 5255 tollere
877 5189 996 5256 vultus
1218 5222 1423 5234 ··----

215 5397 263 5463 ll)
292 5400 402 5464 possit]
433 5398 474 5449 stc
503 5396 588 5449 rute.
616 5398 711 5464 tots„
742 5397 833 5464 tm,
867 5400 950 5454 0734
983 5400 1033 5451 m·
1055 5400 1162 5454 ΠΜ.
1252 5343 1299 5414 11)
1318 5341 1661 5412 cto.dslegg.1,tt‚2t.

244 5471 353 5531 rosus·
1250 5463 1318 5528 asu
1335 5465 1385 5521 so.
1402 5464 1465 5519 ιω.
1485 5463 1658 5549 enrong,
1670 5461 1794 5514 er-ea.

1339 3585 1402 3656 De
1429 3600 1629 3681 quatuor
1656 3584 1811 3653 mundi
1839 3584 2080 3653 aetatibus.

1317 3881 1523 3973 Propagato
1544 3903 1672 3972 genere
1694 3875 1874 3960 humano,
1900 3875 2057 3943 mundus
2080 3870 2204 3963 paula·

1215 3984 1281 4053 tim
1302 3984 1550 4075 degeneravit,
1590 4005 1632 4051 ac
1651 3980 1801 4052 subinde
1821 3981 1935 4048 lactus
1960 3989 2014 4046 est
2033 3972 2205 4043 deterior.

1216 4087 1313 4157 llaec
1333 4100 1386 4156 est
1406 4087 1507 4156 enim
1531 4107 1652 4154 rerum
1682 4079 1923 4155 humanarum
1948 4077 2134 4159 conditio,
2164 4086 2207 4145 ut

1216 4213 1378 4260 successu
1406 4200 1611 4278 temporum
1645 4185 1766 4255 omnia
1797 4185 1837 4251 in
1860 4183 1963 4274 peius
1991 4192 2119 4257 ruant;
2161 4199 2204 4245 ac

1217 4284 1521 4386 quemadmodum
1534 4286 1670 4358 semina
1689 4298 1723 4354 et
1738 4285 1882 4376 plantae
1897 4283 2073 4374 paulatim
2099 4282 2203 4369 dege·

1216 4405 1365 4463 nerant:
1408 4393 1458 4461 ita
1491 4413 1634 4485 quoque
1663 4385 1827 4457 homines
1858 4385 2007 4477 singulis
2027 4381 2203 4453 aetatibus

1217 4495 1412 4567 deteriores
1426 4495 1525 4566 nasci
1539 4492 1767 4563 manifestum
1786 4501 1849 4560 est.
1900 4487 2009 4581 Quod
2029 4499 2070 4556 ut
2094 4481 2202 4574 signi-

1217 4600 1365 4669 ficarent
1400 4610 1553 4690 poetae,
1605 4595 1853 4665 confinxerunt
1890 4583 2201 4689 metamorphosin

1218 4715 1395 4786 aetatum,
1423 4699 1744 4780 acfabulatisunt,
1770 4695 1926 4788 primam
1951 4718 1993 4763 ex
2017 4715 2126 4763 aurea
2148 4689 2201 4756 sa·
