4778 6240
74 287 153 362 ως)
235 284 237 287 ’
550 212 1638 354 nxxxvuauaamr1osucoucouv1aeuu
1781 286 1784 291 ’
1897 285 1900 289 ’
2026 293 2103 365 sto

75 461 150 530 iam
175 458 214 527 in
236 455 334 525 nuda
356 452 453 525 silice
476 451 581 523 enixa
605 452 774 543 gemellos
789 452 991 546 relinquere
1005 476 1062 523 co·
1118 476 1243 522 eorum
1286 453 1427 524 animos
1468 453 1537 525 sibi
1575 458 1862 538 demererentur,
1913 457 2100 552 collocare,
2153 496 2204 527 a·
2244 528 2258 565 e

74 575 193 655 gatur.
244 559 432 628 Postremo
448 555 680 649 amplificavit
695 550 791 626 bunc
805 555 924 624 locum
941 578 961 623 a
978 580 1062 647 pro·
1084 496 1091 646 l
1111 553 1271 625 Proinde
1289 580 1370 628 cum
1383 555 1666 650 Transpadanos
1688 582 1794 651 agros
1806 553 1988 650 Augustus
2008 559 2099 633 divi·

75 663 255 755 digiorum
284 659 489 742 mentione,
522 671 558 727 et
581 659 679 750 cupit
703 656 835 727 certior
851 657 929 727 lieri
952 680 973 726 a
997 657 1059 727 Ti·
1083 650 1089 743 Ι
1111 658 1211 727 deret
1244 656 1346 751 (nam
1372 659 1625 751 Transpadani
1656 661 1869 733 adiuverant
1896 659 2098 738 Antonium

69 779 151 861 tyro
165 763 383 848 Meliboeus,
410 759 490 856 quis
505 759 603 831 Deus
618 759 720 831 istius
737 760 801 830 otii
818 758 851 829 ei
867 759 913 831 sit
929 771 1045 832 autor.
1110 759 1148 827 in
1166 760 1263 830 civili
1284 762 1379 833 bello
1405 776 1529 833 eontra
1546 765 1785 860 Augustum),
1810 763 1930 834 amisit
1943 777 1979 834 et
1992 790 2098 838 suum

168 867 317 961 Tityrus
331 877 453 935 eutem
470 864 612 935 orditur
637 863 884 933 narrationem
908 885 1056 933 suarna
1108 861 1291 955 Virgilius.
1341 863 1586 961 lspostquam
1600 869 1762 958 Augusto
1778 867 1917 939 Romae
1937 867 2118 942 innotuit·

60 969 132 1040 loci
155 968 398 1061 descriptione
422 968 561 1061 egregie
591 979 732 1036 servato
759 964 903 1036 decoro.
957 964 1055 1048 ‚Nam
1106 963 1407 1040 intercedentibus
1424 969 1609 1055 Pollione,
1634 970 1843 1041 Maecenate
1862 986 1899 1043 et
1915 968 2013 1055 aliis,
2039 972 2095 1041 in·
2207 1047 2210 1052 ,

62 1097 137 1142 non
167 1097 252 1143 mox
273 1070 453 1141 Meliboco
482 1071 697 1162 respondet,
739 1092 935 1163 perquem
960 1068 1054 1139 istud
1104 1070 1210 1157 genio
1234 1072 1385 1155 meruit,
1412 1085 1452 1142 ut
1466 1098 1551 1163 ager
1564 1075 1639 1147 sibi,
1647 1088 1818 1164 paternus
1835 1073 2094 1147 restitueretur.

62 1175 177 1246 otium
193 1200 235 1244 ae
249 1173 477 1244 securitatem
493 1176 541 1244 sit
558 1186 789 1256 consecutus,
816 1173 876 1241 sed
891 1194 957 1264 per
976 1195 1052 1240 arn-
1103 1169 1171 1241 Hic
1191 1170 1342 1263 Augusti
1362 1174 1574 1246 beneficium
1595 1177 1779 1267 praedicat
1801 1191 1920 1269 poeta.
1970 1171 2092 1246 Imita-

58 1279 168 1368 bages
188 1277 396 1373 quasdam,
420 1274 549 1370 quibus
572 1274 612 1343 in
632 1276 816 1344 narrando
838 1274 1050 1367 plerumque
1101 1283 1162 1343 tur
1189 1298 1335 1347 carmen
1365 1300 1476 1368 genus
1511 1279 1847 1359 demonstrativum.
1907 1276 2003 1349 Nam
2030 1300 2090 1347 or-

58 1382 176 1451 solent
192 1380 247 1451 uti
264 1378 400 1449 rustici.
449 1377 614 1447 Primum
631 1401 710 1446 earn
728 1377 852 1449 urbem
871 1375 1049 1461 describit,
1100 1375 1184 1446 dine
1206 1390 1410 1449 recensetur
1431 1380 1564 1451 factum
1588 1407 1608 1450 a
1632 1380 1780 1474 Tityro,
1812 1381 1876 1476 qui
1897 1379 2089 1470 Virgilium

57 1482 98 1552 in
123 1506 194 1577 qua
218 1482 278 1551 ille
303 1478 435 1550 viderit
452 1505 555 1551 suum
573 1478 705 1551 Deum.
757 1479 971 1549 Continetur
984 1501 1047 1549 au·
1098 1493 1354 1569 repraesentat.
1412 1480 1582 1553 Meliboei
1608 1507 1760 1576 persona
1783 1485 1919 1554 adiecta
1941 1494 2013 1566 est,
2046 1497 2088 1552 ut

56 1598 130 1654 tem
151 1584 249 1654 urbis
271 1582 410 1653 Romae
433 1583 511 1654 laus
532 1583 571 1651 in
594 1576 650 1652 his
671 1580 1045 1674 comparationibusa
1097 1583 1327 1653 contentione
1358 1597 1550 1656 ornaretur
1572 1599 1609 1655 et
1630 1587 1909 1677 amplificaretur
1928 1608 2085 1656 carmen.
2145 1648 2149 1654 .

56 1686 221 1758 dissimili
241 1687 376 1770 ductis,
408 1709 500 1779 quae
523 1684 737 1755 mirabiliter
763 1696 847 1756 sunt
867 1683 1045 1775 simplices
1095 1681 1189 1754 Nam
1205 1678 1263 1755 hic
1282 1686 1371 1757 alias
1384 1688 1550 1777 deplorat
1566 1712 1691 1759 eorum
1710 1700 1864 1772 sortem,
1898 1689 1961 1784 qui
1976 1711 1996 1756 e
2011 1686 2086 1777 suis

56 1801 92 1858 et
117 1789 223 1882 plane
238 1788 439 1859 Bucolicae.
488 1788 607 1858 Porro
630 1791 804 1881 datasper
823 1786 1043 1856 Meliboeam
1094 1788 1376 1875 possessionibus
1406 1789 1508 1859 eiecti
1533 1804 1654 1876 erant,
1689 1791 1777 1861 alias
1803 1791 1893 1860 bene
1916 1801 2084 1882 precatur

55 1890 241 1961 occasione
271 1889 463 1984 exponitur
490 1884 550 1960 hic
575 1914 719 1985 quoque
746 1913 873 1975 causa,
913 1912 1042 1960 curse
1093 1886 1259 1981 Virgilio.
1310 1891 1349 1963 si
1369 1891 1503 1964 eximas
1524 1891 1695 1964 Meliboei
1718 1917 1933 1984 personam,
1962 1913 2081 1963 sermo

53 1991 230 2084 Romam,
266 1993 391 2064 relicta
421 1992 592 2079 Mantua,
632 1992 804 2085 Virgilius
837 1992 1042 2079 contulerit,
1093 1990 1212 2086 Tityri
1235 2007 1407 2086 perpetua
1434 1998 1611 2088 quaedam
1643 1996 1805 2066 narratio
1828 1996 1957 2079 fuerit,
1989 2017 2081 2089 quae

52 2107 94 2164 ut
107 2095 269 2183 narratio
285 2095 332 2166 sit
346 2107 381 2165 et
395 2095 570 2187 prolixior
588 2109 624 2165 et
645 2096 840 2182 illustrior,
866 2095 1041 2166 libertatis
1093 2118 1163 2188 qua
1178 2096 1339 2180 ratione,
1373 2122 1446 2190 quo
1471 2099 1597 2168 ordine
1624 2111 1780 2184 constet,
1807 2101 1937 2192 quibus
1958 2095 2005 2167 sit
2022 2121 2081 2169 or·

53 2196 187 2268 scilicet
197 2200 470 2293 consequendae
480 2199 629 2290 gratiae.
656 2198 779 2291 Fingit
793 2211 911 2270 autem
922 2222 959 2268 se
968 2222 1041 2268 ser·
1091 2210 1175 2267 nata
1190 2199 1331 2289 figuris,
1364 2199 1413 2270 ita
1436 2202 1583 2271 demum
1599 2201 1775 2292 intelliget
1797 2203 2022 2284 adolescens,
2047 2200 2081 2269 si

51 2325 137 2370 vum
158 2301 266 2372 fuisse
288 2299 527 2395 (quamquam
547 2325 588 2370 re
608 2325 692 2371 vera
717 2300 808 2370 liber
833 2301 902 2370 fuit
923 2298 1040 2390 Virgi·
1076 2299 1206 2383 ¹soluta
1223 2303 1387 2371 oratioue
1403 2326 1550 2373 carmen
1566 2305 1780 2396 exposuerit.

52 2401 159 2499 lius),
198 2415 240 2473 ut
269 2402 432 2492 Augusti·
450 2402 622 2472 beneficia
653 2402 767 2492 magis
799 2414 835 2471 et
860 2397 1039 2491 copiosius

51 2504 247 2596 praedicet,
263 2527 305 2572 ae
323 2516 487 2574 versatur
502 2500 561 2573 bic
577 2516 673 2575 totus
690 2504 791 2575 locus
807 2504 845 2572 in
864 2526 1039 2596 prosopo-

51 2606 341 2699 poeiaquadam.
391 2604 486 2677 Nam
503 2617 579 2675 tum
595 2629 633 2675 se
654 2605 811 2699 primurn
831 2604 1038 2674 liberiorem
1191 2603 1334 2676 Nomen
1365 2603 1520 2697 Eclogae
1551 2630 1627 2677 non
1657 2619 1711 2677 est
1736 2630 1758 2676 a
1787 2609 1903 2699 capris
1933 2608 2087 2693 iactum,

53 2707 199 2777 vivendi
213 2707 412 2792 rationem,
438 2720 474 2777 et
492 2709 756 2801 prosperiorem
778 2711 945 2779 fortunae
969 2719 1039 2778 sta·
1090 2707 1153 2778 sed
1168 2707 1376 2800 simpliciter
1394 2707 1570 2799 significat
1585 2707 1776 2777 lectionem
1798 2732 1861 2778 seu
1882 2709 2079 2779 enarratio·

53 2808 336 2905 tum')nactum
354 2810 425 2893 ait,
451 2834 532 2879 cum
549 2811 662 2880 veteri
680 2811 794 2881 amica
810 2811 960 2881 Mantua
976 2832 1040 2903 pa·
1090 2834 1174 2879 nem
1190 2835 1253 2881 seu
1268 2811 1552 2880 adnotationem.
1603 2809 1695 2881 Sunt
1708 2822 1828 2880 autem
1848 2809 1887 2878 in
1900 2809 1979 2881 aliis
1995 2835 2080 2880 con·

52 2911 124 2981 tria
146 2911 288 2995 relicta,
313 2911 468 2981 Romam
494 2914 541 2981 ad
554 2914 778 3007 Amaryllida
802 2914 962 2996 venerit,
988 2925 1040 2981 at·
1092 2913 1215 2984 tinuae
1239 2912 1499 3006 expositiones,
1533 2914 1573 2980 in
1597 2912 1676 2984 aliis
1700 2912 1879 3008 colloquia
1912 2913 2080 2984 distincta

55 3037 125 3109 quc
152 3009 248 3085 bunc
276 3014 395 3085 locum
425 3015 656 3107 amplificavit
685 3016 876 3086 collatione
898 3015 1042 3109 pristini
1091 3039 1348 3107 personarum,
1375 3017 1469 3085 etin
1492 3027 1646 3108 utroque
1661 3015 1748 3109 quid
1765 3018 1910 3097 deceat,
1935 3027 1972 3085 ct
1989 3041 2080 3110 quo·

56 3127 185 3198 status,
210 3116 346 3186 nullam
371 3116 440 3188 sibi
462 3118 612 3208 gratiam
636 3141 656 3187 a
680 3118 830 3189 Mantua
853 3143 928 3190 esse
950 3119 1041 3186 rela·
1093 3121 1202 3188 modo
1226 3118 1410 3210 ingeniose
1436 3131 1629 3210 utramque
1642 3119 1807 3186 ‘formam
1836 3118 2080 3201 tractaverint,
2188 3138 2189 3142 ’

55 3231 152 3302 tam,
176 3242 395 3314 quamquam
420 3220 534 3290 multa
559 3222 597 3289 in
623 3245 702 3290 eam
721 3221 913 3292 contulerit
934 3221 1042 3290 bene·
1093 3222 1357 3292 observandum
1380 3232 1444 3291 est.
1493 3219 1598 3291 Nunc
1620 3219 1665 3288 de
1678 3219 1798 3312 prima
1814 3216 1946 3307 Ecloga
1962 3217 2081 3309 Virgi-

55 3321 154 3405 bcia,
176 3319 315 3392 Romae
333 3335 453 3394 autem
467 3316 592 3392 baberi
608 3317 784 3393 bonorem
802 3324 940 3395 virtuti.
1092 3323 1133 3391 lii
1161 3322 1289 3393 dicam.
1359 3321 1410 3390 Ut
1431 3334 1552 3391 autem
1576 3331 1682 3390 antea
1705 3321 1855 3404 monui,
1887 3319 2081 3409 significari

157 3422 285 3495 Postea
320 3425 518 3496 Meliboeus
551 3428 753 3518 gratulatur
779 3426 908 3520 Tityro
941 3425 1041 3494 illam
1094 3449 1150 3496 res
1164 3449 1314 3516 magnas
1335 3423 1495 3514 figuratis
1517 3423 1808 3507 narrationibus,
1833 3425 2079 3516 quaerendum

56 3523 282 3611 felicitatem,
316 3541 353 3599 et
385 3529 510 3598 laudat
541 3551 602 3601 rus
630 3529 705 3600 eius
741 3531 786 3600 ab
814 3528 1043 3599 amoenitate.
1095 3540 1148 3598 est
1172 3539 1423 3620 argumentum
1448 3539 1716 3618 extemporum
1741 3526 1887 3593 illorum
1909 3517 2079 3597 historiis.

55 3626 126 3698 Sed
143 3628 226 3722 quia
245 3629 364 3724 Tityri
387 3653 542 3721 persona
559 3644 634 3701 tota
658 3647 822 3702 versatur
843 3632 880 3700 in
898 3630 1044 3723 agendis
1095 3627 1197 3701 Duae
1219 3644 1303 3700 sunt
1327 3651 1503 3722 personae
1525 3629 1564 3697 in
1593 3627 1709 3720 prima
1729 3627 1883 3716 Ecloga,
1924 3648 2079 3718 quarum

56 3729 181 3820 gratiis
197 3731 342 3803 Caesari
357 3735 539 3823 Augusto,
569 3758 674 3828 quem
700 3735 776 3804 dixi
795 3734 949 3825 Eclogae
970 3756 1043 3805 esse
1095 3733 1208 3801 altera
1228 3733 1302 3822 agit
1315 3732 1447 3822 gratias
1471 3754 1538 3822 pro
1556 3731 1697 3800 reddito
1715 3730 1863 3822 praedio
1878 3728 1929 3822 ⁴);
1966 3727 2079 3796 altera

56 3843 213 3914 statum,
238 3833 319 3902 ideo
337 3835 498 3905 absoluta
516 3835 745 3920 narratione,
772 3838 817 3907 ab
832 3836 1045 3929 impossibili
1095 3835 1261 3927 deplorat
1272 3833 1364 3904 bella
1380 3833 1520 3917 civilia,
1544 3846 1580 3903 et
1593 3833 1832 3901 calamitatem
1848 3829 1992 3912 civium,
2013 3830 2079 3921 qui

55 3945 272 4022 argumento
285 3936 391 4004 ducto
406 3935 475 4017 ait,
499 3960 685 4030 nunquam
699 3940 873 4023 futurum,
898 3952 938 4010 ut
950 3940 1045 4010 illius
1096 3961 1138 4007 ex
1162 3937 1445 4029 possessionibus
1471 3936 1545 4005 suis
1568 3946 1717 4027 propter
1742 3933 1845 4002 civile
1865 3931 1997 4001 bellurn
2020 3954 2078 3999 ex-

55 4034 97 4102 in
120 4058 158 4104 se
179 4035 392 4107 meritorum
416 4037 658 4108 obliviscatur.
726 4039 897 4109 Meliboei
922 4055 1042 4112 autem
1095 4040 1190 4130 pulsi
1221 4051 1335 4110 erant.
1386 4039 1490 4107 Hunc
1522 4038 1643 4106 locum
1674 4059 1901 4106 communem
1930 4032 2088 4127 assumit

57 4134 176 4206 oratio
198 4150 253 4207 est
272 4154 447 4231 perpetua
470 4143 647 4234 quaedam
663 4141 707 4210 de
723 4142 903 4232 praesenti
923 4165 1045 4212 rerum
1093 4140 1249 4232 Ecloga,
1273 4139 1337 4234 qui
1351 4138 1541 4230 praecipue
1557 4135 1870 4209 bicobservandus
1885 4147 1946 4206 est.
1998 4132 2080 4203 Mo·

57 4251 153 4310 statu
169 4244 327 4332 querela.
378 4242 501 4335 Quare
523 4254 714 4336 postquam
735 4243 807 4313 iam
826 4243 947 4335 Tityri
969 4244 1046 4312 feli·
1095 4257 1156 4314 net
1170 4242 1265 4313 enim
1281 4241 1505 4332 deprecanda
1521 4251 1558 4308 et
1571 4239 1717 4309 vitanda
1741 4263 1814 4310 esse
1834 4236 1978 4308 dissidia
1993 4235 2079 4305 civi·

58 4341 203 4411 citatem
231 4345 318 4416 satis
347 4344 568 4437 praedicavit
597 4346 818 4429 Meliboeus,
858 4345 952 4415 redit
981 4369 1046 4438 per
1095 4347 1156 4416 lia.
1207 4342 1365 4414 Historia
1383 4354 1523 4425 autem,
1552 4365 1645 4433 quae
1668 4341 1833 4431 praebuit
1855 4339 2079 4409 occasionem

59 4443 287 4515 collationem
311 4458 347 4516 et
368 4444 583 4532 antithesin,
607 4461 657 4518 ut.
671 4449 709 4517 in
725 4448 903 4541 principio
921 4472 1045 4541 coepe·
1094 4442 1178 4518 huic
1193 4444 1364 4529 carmini,
1389 4441 1477 4514 baec
1495 4453 1566 4515 est:
1599 4441 1684 4513 Non
1697 4442 1799 4511 facile
1812 4443 1982 4512 sedantur
1995 4439 2080 4510 civi·

57 4558 135 4630 rat,
161 4548 207 4616 ad
222 4573 324 4618 suam
339 4563 374 4620 et
389 4550 564 4634 aliorum,
589 4550 651 4644 qui
668 4552 762 4643 agris
777 4551 850 4623 suis
867 4552 1045 4643 pelleban·
1094 4552 1145 4622 les
1158 4549 1354 4632 tumultus,
1379 4560 1421 4618 ut
1434 4540 1525 4616 haec
1538 4545 1615 4637 ipsa
1632 4539 1782 4615 historia
1799 4542 1964 4615 ostendit.

58 4659 138 4732 tur,
172 4650 366 4723 miseriam.
425 4651 491 4722 Est
516 4664 636 4722 autem
657 4653 767 4723 variis
790 4654 912 4745 liguris
936 4665 973 4723 et
995 4654 1045 4722 af·
1198 4650 1288 4722 Cum
1305 4648 1476 4721 Octavius
1491 4648 1671 4739 Augustus
1693 4660 1729 4717 et
1749 4644 1800 4720 M.
1815 4645 1994 4721 Antonius
2013 4666 2080 4736 op-

57 4749 207 4824 tectibus
224 4752 422 4824 illustratus
436 4748 495 4823 hic
509 4767 712 4846 postremus
728 4756 841 4828 locus.
1095 4755 1304 4846 pressissent
1340 4751 1494 4824 Brutum
1535 4762 1572 4819 et
1603 4748 1790 4834 Cassium,
1829 4747 2008 4819 Antonius
2040 4745 2080 4813 in

364 4861 370 4866 ¹
1095 4857 1217 4928 Asiam
1241 4854 1399 4939 traiecit,
1433 4851 1605 4924 Oetaiius
1619 4850 1775 4921 Romam
1801 4850 1927 4934 rediit,
1959 4859 2001 4918 ut
2021 4869 2080 4918 res

1094 4961 1251 5031 urbanas
1270 4957 1520 5039 constitueret,
1545 4954 1783 5026 et'veteranis
1804 4956 1906 5024 daret
1926 4947 2080 5042 promis·

1095 5086 1155 5134 sos
1172 5085 1290 5153 agros.
1342 5060 1412 5130 Sed
1428 5058 1513 5154 quia
1530 5057 1672 5129 crudele
1690 5070 1744 5129 est
1758 5055 1930 5147 erpellere
1944 5071 2081 5142 posses-

163 5156 334 5229 Solebant
348 5158 505 5230 Romani
529 5161 764 5254 imperatores
788 5164 827 5232 in
848 5162 1046 5255 municipa-
1096 5187 1217 5248 sores,
1242 5159 1332 5233 baec
1351 5162 1429 5254 ipsa
1447 5184 1505 5231 res
1529 5183 1664 5230 novum
1685 5159 1818 5228 bellum
1838 5155 1999 5246 Augusto
2021 5174 2081 5221 er-

58 5253 158 5369 libus¹
177 5259 290 5346 agris,
314 5262 434 5334 eiectis
449 5264 629 5336 veteribus
644 5265 800 5350 colonis,
824 5266 976 5351 milites,
1006 5276 1048 5336 ut
1097 5265 1233 5338 citavit.
1283 5263 1377 5337 Nam
1398 5260 1531 5336 Lucius
1549 5259 1747 5344 Antonius,
1771 5261 1882 5327 frater
1902 5253 1953 5327 M.
1967 5253 2080 5323 Anto·

1388 2473 1526 2542 Aliud
1559 2473 1775 2546 eiusdem.

106 4921 206 4990 Alia
235 4921 485 5014 dispositio
513 4923 710 4995 eiusdem
737 4925 785 4995 in
812 4927 1001 4995 eandem

440 5023 665 5118 Eclogam.

94 5489 128 5558 δ)
145 5489 262 5561 secu]
281 5494 540 5556 tam-sees
558 5503 687 5568 insse:
706 5502 808 5554 ωιι.
1132 5496 1163 5563 a)
1180 5493 1468 5639 mataps&
1484 5492 1582 5545 nno
1599 5494 1730 5556 eman
1747 5485 1862 5555 mro.
