4778 6240
52 291 128 368 au
330 282 332 286 ’
384 281 474 356 xci.
524 277 810 354 auxaaxno
842 276 972 349 cnm
997 278 1057 352 n.
1090 242 1567 355 urraiionpnosaou
1602 282 1763 356 onon.
2009 288 2099 365 see.

53 470 479 553 magnusestnumerus3
503 453 610 523 fuisse
633 465 752 523 autem
778 451 858 520 illos
881 446 1045 523 homines
1099 454 1205 522 etiam
1231 455 1294 546 qui
1320 468 1510 548 utramque
1532 456 1706 526 Venerem
1731 470 1877 525 exercet.
1937 455 1977 524 ln
2006 481 2084 528 eam

55 569 206 639 stolidos
235 573 270 629 et
288 560 474 640 scurriles,
508 557 669 626 indicant
695 555 855 646 ipsorum
884 555 1045 625 nomina.
1096 557 1170 625 fere
1190 557 1404 627 sententiam
1428 571 1463 625 et
1485 559 1613 628 Strabo
1639 558 1785 650 exponit
1810 554 1901 626 hanc
1926 560 2085 628 tabulam

54 668 153 738 Dicti
170 676 253 741 suut
271 662 365 731 enim
384 661 550 743 Curetes,
577 671 663 728 teste
678 654 946 750 Strabone⁰⁷¹),
971 652 1045 729 ἀπὸ
1096 660 1189 728 libro
1211 657 1269 729 14.
1278 659 1347 756 ⁰⁸),
1373 661 1435 729 ubi
1451 660 1501 730 sic
1516 661 1649 756 inquit:
1679 661 1850 730 Salmacis
1866 662 1947 732 fons
1965 663 2085 751 nescio

55 777 120 864 τῆς
139 770 297 862 κουρᾶς,
325 788 345 832 a
370 777 517 833 tonsura
540 761 775 852 capillorum,
806 762 904 853 quod
931 770 1046 829 essent
1097 785 1205 854 quam
1224 763 1270 830 ob
1287 785 1428 832 causam
1445 763 1608 848 infamis,
1630 778 1801 857 tanquam
1825 764 1991 834 molliens
2013 755 2118 850 eos,'

32 895 157 964 ¹more
171 872 354 937 fatuorum
371 865 528 945 detonsi,
554 865 647 954 ⁸item
665 863 905 954 Corybantes,
939 884 1045 933 auo·
1098 864 1448 957 quiindebiberint;
1473 863 1774 936 hominumenim
1797 866 1964 937 mollities
1987 867 2086 936 vide·

55 968 226 1068 painters,
253 971 352 1064 quod
369 982 420 1039 est
435 980 543 1058 caput
558 967 721 1038 saltando
737 966 886 1044 iactare;
913 963 1045 1034 saltan-
1097 979 1157 1037 tur
1172 991 1248 1035 non
1265 969 1310 1036 ab
1328 985 1410 1040 aere
1427 969 1484 1036 vel
1498 971 1542 1038 ab
1560 995 1652 1063 aqua
1670 994 1812 1040 cansam
1831 964 1984 1053 trahere,
2003 995 2084 1039 cum

56 1092 107 1146 tes
124 1075 219 1143 enim
237 1073 432 1140 movebant
447 1068 711 1151 tintinnabula,
745 1080 780 1136 et
794 1067 975 1137 iactabant
989 1089 1045 1134 ca·
1097 1092 1140 1138 ea
1164 1069 1313 1140 minime
1337 1071 1384 1140 sit
1414 1095 1517 1140 causa
1544 1072 1726 1152 mollitiei;
1777 1073 1839 1142 sed
1869 1072 2015 1140 divitiae
2050 1085 2086 1141 et

54 1191 141 1270 put,
180 1176 271 1245 sicut
296 1170 489 1245 histriones
524 1186 559 1243 et
591 1172 680 1240 fatui
713 1170 839 1240 solent.
903 1169 1044 1237 Horum
1097 1171 1210 1241 victus
1242 1185 1277 1240 et
1305 1173 1579 1245 incontinentia.
1643 1176 1760 1269 Atque
1787 1170 1875 1243 haec
1897 1174 2084 1244 Strabonis

55 1302 166 1370 opera
201 1274 336 1369 lupiter
368 1278 483 1345 fertur
515 1279 701 1347 educatus:
755 1294 825 1364 qua
859 1273 902 1340 de
938 1294 1044 1339 causa
1097 1274 1289 1363 descriptio
1320 1276 1469 1344 omnino
1505 1278 1720 1348 conveniens
1753 1290 1788 1345 et
1811 1265 2084 1346 accommodata

56 1383 164 1450 etiam
181 1376 394 1461 histriones,
421 1404 583 1461 scurrae,
619 1388 654 1444 et
672 1373 854 1442 moriones
881 1374 1043 1441 intanta
1098 1389 1150 1446 est
1182 1377 1414 1469 descriptioni
1447 1379 1662 1450 Ovidianae.
1730 1378 1953 1450 Describitur
1987 1378 2084 1448 enim

55 1496 139 1553 scint
169 1483 282 1572 gratia
313 1482 409 1570 apud
438 1504 538 1572 reges
570 1503 611 1547 ac
642 1476 840 1568 principes,
879 1486 920 1544 ut
939 1498 1044 1566 saepe
1085 1478 1254 1570 'primum
1272 1480 1462 1549 abOvidio
1481 1482 1578 1552 locus
1592 1483 1801 1551 deliciarum
1820 1506 1861 1550 ac
1879 1481 2086 1574 voluptatis,

54 1582 258 1653 habeantur
292 1583 436 1666 intimi,
488 1581 706 1672 caeterisque
742 1577 907 1648 omnibus
942 1601 1045 1668 prae·
1096 1605 1226 1672 nempe
1253 1581 1633 1680 (vss.297-301.):

55 1689 229 1757 terantur.

282 1869 345 1938 De
374 1869 521 1938 Croco
548 1876 591 1934 et
616 1864 826 1935 Smilace.

106 2004 167 2077 Vs.
182 2006 271 2080 283.
299 2013 344 2080 Et
362 2011 488 2079 Crocon
505 2007 542 2074 in
557 2025 680 2091 paruos
704 2027 837 2074 uersum
858 2028 932 2073 cum
947 2005 1044 2075 Smi-

431 2169 445 2187 ,
468 2109 539 2176 luce
556 2105 672 2192 flores.

157 2227 256 2298 Sicut
279 2223 479 2315 Lycafflllss
504 2219 696 2314 Daphne&
732 2200 846 2315 (ligni
869 2235 904 2291 et
923 2221 1045 2313 Nycti'
1096 2261 1237 2330 Deinde

1396 1728 1550 1808 stapurrm
1566 1722 1707 1788 lucentis
1720 1723 1765 1786 ad
1780 1723 1885 1788 imum

1153 1823 1260 1914 Usque
1274 1822 1380 1889 sulum
1395 1822 1548 1910 lymphae
1555 1853 1566 1903 ς
1594 1844 1661 1889 non
1677 1822 1749 1889 illic
1763 1844 1875 1890 caussa
1887 1821 2065 1905 palustris,

1148 1925 1221 1990 Nec
1235 1924 1369 1993 steriles
1384 1925 1479 1993 ulvae
1487 1974 1498 2006 ‚
1525 1947 1586 1992 nec
1601 1933 1701 1993 aucta
1718 1925 1852 2010 crupide
1865 1925 1970 1992 iunci.

1149 2027 1353 2111 Perspicuae
1369 2027 1480 2118 liquor
1494 2032 1562 2109 este
1587 2029 1703 2114 stupui
1718 2035 1829 2093 tamen
1845 2027 1965 2094 saltimu
1981 2027 2054 2092 uiuo

1149 2128 1276 2214 Cespite
1290 2133 1489 2216 cinpuntur,
1517 2150 1709 2220 semperque
1723 2129 1909 2197 uirentibus
1922 2125 2048 2193 lerdis.

1269 2263 1482 2332 describitur
1508 2260 1676 2355 Nympha
1702 2264 1918 2334 inertissimo
1944 2263 2018 2330 otio
2052 2272 2087 2330 et

55 2354 197 2412 menes,
232 2329 282 2396 ita
300 2326 404 2395 Croci
432 2336 468 2392 et
490 2325 653 2394 Smilacis
674 2324 795 2393 sabula
818 2348 861 2391 ex
880 2322 1045 2392 similitu·
1098 2365 1281 2433 amoribus
1297 2365 1416 2433 dedita
1438 2364 1533 2456 (vm
1552 2364 1817 2462 soa-319.):

54 2435 139 2504 dine
156 2430 344 2498 nominum
361 2429 510 2495 conficta
530 2439 592 2495 est.
643 2425 810 2516 Fingitur
825 2437 944 2493 autem
958 2424 1045 2493 Cro-

55 2559 118 2605 cus
140 2533 246 2602 iuissc
272 2529 496 2612 adolescens,
537 2528 636 2597 cuius
659 2552 783 2596 amore
807 2551 887 2595 cum
910 2526 1046 2594 Smilax

54 2634 174 2731 puella
193 2646 284 2703 esset
298 2633 461 2714 incensa,
496 2654 612 2723 neque
634 2631 707 2698 frui
728 2643 868 2723 posset,
903 2629 977 2720 ipsa
1008 2629 1046 2695 in

54 2741 183 2808 florem
199 2738 254 2807 sui
272 2734 429 2803 nominis
452 2756 622 2803 conversa
646 2744 717 2817 est,
750 2733 786 2800 id
814 2733 910 2826 quod
938 2731 1045 2801 etiam
1082 2731 1083 2736 ’

56 2841 173 2911 Croco
194 2838 334 2908 accidit.

370 3019 594 3091 Salmacis
620 3019 737 3090 fons.

10 3161 12 3167 ’
107 3160 186 3232 Vss.
205 3155 281 3233 285
299 3185 351 3252 sq.
383 3164 476 3229 Unde
493 3161 539 3228 sit
556 3157 697 3246 infamis
706 3189 718 3241 ς
751 3181 856 3252 quare
869 3157 956 3227 mule
968 3154 1047 3243 ser·

464 3264 553 3332 tibus
569 3264 671 3331 undis

109 3368 282 3439 Salmacis
296 3375 441 3435 enervet.

162 3478 508 3574 Hermaphroditum
529 3481 669 3570 fingunt
683 3477 856 3549 Mercurii
880 3490 915 3547 et
931 3476 1047 3546 Vene-

60 3586 257 3668 rutilium,
285 3587 442 3678 eoquod
466 3583 565 3654 stella
583 3582 755 3651 Mercurii
776 3583 822 3650 ob
845 3580 1047 3674 qualitates,

59 3689 190 3782 quibus
211 3699 370 3779 praeest,
412 3686 552 3754 mediae
578 3697 729 3752 naturae
752 3696 919 3775 putatur;
962 3706 1046 3750 nam

58 3816 141 3860 cum
159 3791 249 3858 aliae
272 3789 395 3858 stellae
418 3789 462 3856 ab
484 3784 673 3874 astrologis
696 3784 862 3854 dicantur
883 3771 1047 3855 masculi-

56 3915 128 3960 nae
161 3901 310 3981 propter
339 3889 454 3958 maius
485 3888 616 3969 robur,
663 3900 744 3980 quot
767 3889 925 3955 calorem
955 3889 1046 3956 exci-

57 4004 158 4071 tant;
175 3992 265 4061 aliae
282 4015 366 4060 vero
382 3990 557 4059 femineae
571 4002 719 4080 propter
734 3990 924 4059 debiliores
943 3991 1047 4071 vires,

57 4109 94 4166 et
118 4108 285 4163 naturam
310 4089 470 4176 humidi,
505 4091 561 4160 cui
587 4092 839 4160 dominantur:
876 4091 1047 4160 Mercurii

56 4198 159 4277 stella
175 4220 271 4266 nunc
292 4192 480 4265 humidum
506 4195 647 4263 abunde
672 4195 801 4263 excitat
823 4217 891 4285 pro
916 4193 986 4262 situ
1013 4207 1048 4261 et

1148 2502 1307 2590 Nympha
1323 2503 1400 2571 colit
1407 2530 1419 2584 ,·
1445 2503 1504 2568 sed
1521 2525 1581 2568 nec
1594 2502 1768 2569 verentibus
1784 2509 1864 2587 apta
1872 2549 1883 2581 ‚
1911 2522 1972 2566 nec
1986 2522 2087 2568 urctrs

1149 2605 1294 2673 itenere
1309 2627 1393 2694 perae
1407 2603 1528 2684 soleat,
1554 2627 1615 2670 nec
1630 2626 1714 2695 qsrue
1730 2603 1926 2670 contendere
1941 2622 2058 2669 cursis:

1149 2705 1296 2798 Solaque
1312 2709 1483 2773 Naiadum
1500 2705 1601 2773 celeri
1615 2729 1679 2772 riou
1697 2713 1775 2771 reatu
1793 2706 1940 2771 Dianae.

1150 2809 1259 2894 Saepe
1273 2832 1353 2876 suas
1371 2809 1424 2876 illi
1434 2804 1531 2893 fame
1547 2817 1596 2874 est
1611 2810 1743 2875 dixisse
1758 2826 1909 2873 sorores:

1150 2912 1319 2993 Salmaci,
1345 2914 1396 2979 sel
1409 2910 1572 2992 iaculum,
1599 2911 1650 2976 vel
1661 2914 1771 2997 pictas
1783 2929 1875 2976 ssime
1887 2907 2086 2994 pharetras,-

1151 3018 1195 3083 Et
1211 3024 1272 3081 tua
1290 3037 1364 3080 cerm
1379 3017 1478 3082 deeris
1493 3013 1667 3081 venatibus
1682 3015 1752 3079 otiu
1770 3015 1880 3078 misce.

1151 3120 1222 3186 Nec
1239 3117 1383 3185 iaculum
1400 3119 1519 3196 sumit,
1547 3137 1606 3180 uec
1617 3118 1728 3201 pietus
1745 3114 1804 3182 illa
1818 3112 2019 3200 pharetras,

1148 3223 1223 3288 Nec
1237 3242 1300 3287 suu
1315 3242 1390 3285 eum
1404 3221 1501 3286 deeris
1516 3217 1689 3284 senatibus
1706 3220 1774 3283 otia
1789 3218 1916 3282 rniscet.
2136 3201 2139 3210 Α

1150 3323 1220 3391 Sed
1233 3323 1327 3387 modo
1338 3319 1432 3408 fonte
1447 3340 1505 3386 suo
1519 3316 1685 3405 formosos
1696 3318 1823 3405 perluit
1837 3325 1952 3384 ansts:

1151 3427 1260 3509 Saepe
1277 3425 1452 3509 Cytoriaco
1466 3424 1598 3489 dediscit
1609 3424 1740 3508 pectine
1756 3422 1868 3488 crines
1875 3448 1887 3500 ς

1151 3530 1195 3594 Et
1211 3527 1292 3615 quid
1308 3548 1343 3591 se
1358 3527 1492 3605 deceat,
1520 3533 1685 3610 spectatas
1702 3523 1845 3591 consulit
1862 3521 1982 3589 undas.

1150 3633 1252 3698 Naar
1262 3629 1447 3714 perlucenti
1462 3629 1670 3695 circumdata
1685 3647 1805 3711 corpus
1820 3627 1945 3689 amictu
1953 3670 1965 3701 ,

1150 3730 1314 3801 Mollibus
1329 3740 1388 3798 aut
1396 3728 1493 3817 foliis
1501 3781 1512 3812 ,
1541 3737 1600 3795 urst
1615 3727 1769 3794 mollibus
1786 3723 1920 3793 incubat
1935 3721 2059 3788 lerdis.

1150 3835 1259 3920 Saepe
1275 3833 1353 3921 lepit
1366 3833 1487 3920 plures,
1514 3843 1547 3902 et
1562 3840 1643 3898 tunc
1656 3851 1779 3923 piraque
1788 3827 1876 3916 forte
1891 3823 2015 3913 tepebat
2021 3871 2033 3903 ,

1151 3940 1232 4006 Cum
1245 3958 1387 4022 pueram
1402 3937 1486 4004 uidit
1493 3985 1504 4017 ‚
1529 3938 1700 4027 risumque
1714 3935 1838 4019 optaut
1851 3928 1983 3996 lubere.

1149 4042 1221 4106 Nec
1234 4046 1345 4105 tamen
1364 4047 1444 4106 urite
1456 4040 1562 4117 adiit,
1589 4041 1654 4106 etsi
1667 4032 1867 4122 properabat
1884 4032 1980 4098 adire
1987 4078 1999 4109 ,

1151 4142 1259 4223 Quam
1271 4162 1306 4207 se
1320 4143 1519 4225 composuit,
1547 4162 1647 4230 pirum
1661 4137 1904 4222 circumspexit
1923 4135 2067 4201 umidus

1149 4246 1193 4310 Et
1203 4239 1315 4327 pinsit
1331 4243 1475 4320 ueritum,
1500 4250 1533 4307 et
1549 4244 1673 4307 meruit
1683 4238 1835 4327 formosa
1849 4239 1967 4304 udert.

57 4313 161 4370 motu
184 4325 269 4382 suo,
300 4299 391 4368 sicut
405 4296 574 4368 loviauus
587 4296 775 4368 Pantanus
798 4299 902 4364 docet
924 4297 968 4363 de
991 4320 1047 4364 re·

56 4403 124 4472 bus
150 4402 370 4472 coelestibus·
431 4393 1047 4492 porrosalmacifflfflymphaesa,
1097 4375 1240 4445 Etenim
1259 4372 1346 4444 haec
1365 4375 1485 4442 onmia
1504 4375 1667 4443 mollium
1686 4385 1720 4440 et
1733 4371 1999 4440 luxuriosorum
2021 4361 2087 4434 ho·

56 4504 141 4574 bula
159 4530 234 4573 non
251 4516 324 4573 tam
341 4504 385 4572 ad
403 4502 529 4574 vitium
549 4526 677 4595 aquae,
694 4528 802 4597 quam
818 4504 864 4570 ad
878 4500 1045 4570 inertiam
1098 4479 1236 4549 minum
1262 4476 1408 4570 P‘0P1'ia
1435 4488 1538 4563 ⁸⁰⁰¹:
1571 4478 1672 4571 se‘lUi
1698 4476 1831 4556 ⁰¹l¹¹¹¹¹2
1866 4484 2006 4563 l’ectere
2031 4492 2087 4537 (ἴθ’

59 4619 94 4676 ep
116 4608 333 4677 desidiosum
358 4605 490 4689 opium,
519 4631 591 4699 quo
613 4606 708 4675 vites
729 4602 917 4675 hominum
945 4627 1047 4672 emt,
1097 4583 1223 4673 pillos,
1248 4603 1324 4651 sese
1340 4582 1384 4650 ad
1402 4578 1584 4672 speculum
1609 4579 1761 4660 intueri,
1795 4589 1830 4644 et
1851 4575 1913 4643 illo
1928 4578 2086 4692 ‘docente

58 4722 212 4792 vantur,
246 4709 432 4777 reserenda
455 4720 518 4777 est.
576 4706 692 4777 Erant
715 4708 811 4778 enim
830 4708 959 4790 Cares,
983 4706 1045 4800 qui
1097 4686 1235 4756 vultum
1261 4707 1488 4775 εθῐῃΡθΰθΓθ·
1547 4680 1861 4800 Amffl'Ji‘luldem
1887 4691 2002 4746 ⁰l¹⁰⁸³¹
2030 4697 2086 4742 ¹⁸⁶⁸

55 4813 196 4891 coloco
215 4806 446 4892 habitabant,
468 4805 632 4880 homiues
648 4811 804 4882 desidiae
826 4824 862 4880 et
883 4810 1045 4880 luxuriae
1098 4801 1169 4871 ⁰⁸22
1211 4799 1264 4870 et,
1291 4787 1609 4880 'quemadmdffln
1652 4798 1702 4853 ³¹¹
1732 4782 1950 4862 Menander,
1989 4786 2087 4845 amal

57 4915 179 5006 pleni,
207 4938 246 4983 ὃς
261 4912 374 4983 foedis
393 4912 504 4981 dediti
526 4911 752 4985 libidinibus:
781 4916 876 4984 unde
904 4926 940 4982 et
956 4913 1045 4981 fler.
1096 4890 1237 4983 specula
1255 4902 1289 4957 et
1302 4889 1411 4959 flavas
1428 4912 1551 4958 comae
1570 4888 1761 4970 tincturas,
1788 4885 1878 4975 fugit
1894 4883 2052 4951 labores:

56 5013 280 5108 maphmdlll
303 5017 410 5107 vulgo
432 5013 717 5107 appellabantur.
777 5016 869 5088 Nam
895 5016 1045 5085 Herma·
1140 5028 1253 5125 Ἔρως
1273 5024 1348 5128 γὰρ
1371 5024 1492 5127 ἀργόν
1514 5024 1606 5099 κάπὶ
1628 5030 1706 5108 τοῖς
1733 5024 1853 5125 ἔργοις
1875 5022 1947 5119 ἔφυ

55 5115 246 5211 phrodilus
263 5119 393 5189 dieitur
409 5142 485 5186 110ss
507 5116 644 5201 solum,
681 5119 744 5213 qul
765 5132 959 5214 uirumque
981 5113 1045 5187 ila·
1146 5134 1247 5227 φιλεῖ
1269 5127 1477 5224 χάγοηῖρα,
1504 5126 1567 5202 καὶ
1585 5123 1701 5223 κόμης
1721 5125 1982 5218 ξαγθίσμαῖα,

55 5225 118 5291 bet
140 5224 361 5306 membrum,
394 5236 469 5291 tam
492 5219 596 5290 virile
618 5246 727 5315 quam
749 5223 941 5304 muliebre3
982 5220 1045 5293 sed
1147 5229 1275 5332 pedales
1299 5227 1338 5305 di
1364 5226 1550 5325 μόχθους.

91 5497 162 5559 911)
181 5499 273 5551 strab.
287 5498 323 5549 x.
340 5508 368 5563 p.
382 5497 444 5550 405.
471 5497 521 5548 td.
539 5495 656 5550 canna
674 5506 700 5551 a.
715 5492 793 5552 tw.
1130 5489 1178 5559 98)
1197 5493 1289 5543 strat.
1309 5490 1384 5542 xlv.
1406 5503 1432 5551 p.
1447 5487 1507 5541 656.
1526 5486 1575 5537 tta.
1594 5484 1711 5536 cuasa.
1733 5494 1759 5536 a.
1777 5481 1853 5533 ¹0²⁰.
1896 5532 1900 5539 ,
