4778 6240
651 285 853 365 oxmvu
878 229 880 233 ⁵
910 286 1194 363 ananuarro
1233 287 1517 363 nucoucou
1544 235 1748 369 vncruu.

182 290 265 373 aaa
371 282 374 288 ’

183 481 302 549 atum,
330 465 392 559 qui
407 477 492 535 tunc
501 461 669 553 regnavit
684 462 747 529 illo
766 475 943 553 tempore,
977 485 1049 556 quo
1071 475 1175 533 natus
1226 460 1503 534 tustissimorum
1535 466 1767 536 familiarium
1801 469 1882 539 loco
1917 468 2066 558 habuit,
2103 478 2212 551 dilexi

180 582 240 640 est
272 565 453 650 Christus,
491 577 527 634 et
562 565 706 634 fuerant
732 564 960 655 pacatissima
998 576 1174 655 tempora.
1223 587 1364 633 summa
1386 591 1466 635 curn
1483 566 1828 657 pietateetfide⁶¹).-
1865 572 2076 658 celebratur
2090 592 2210 652 autem

185 668 348 741 lmitatus
369 682 422 740 est
447 663 684 758 17.1dyuion
705 662 911 749 Theocriti,
944 667 988 735 de
1011 674 1173 736 encomio
1224 663 1262 732 in
1285 660 1352 734 hac
1373 665 1505 758 Ecloga
1525 668 1674 741 felicitas
1696 684 1899 762 temporum
1921 674 2092 768 Augusti,
2120 706 2211 775 quae

183 772 382 843 Ptolemaei
397 764 637 859 Philadelphi.
1224 767 1386 839 extinctis
1400 771 1502 842 bellis
1515 771 1697 857 civilibus,
1721 776 1849 868 quibus
1871 778 1944 847 iam
1968 782 2107 870 pridem
2121 786 2212 861 uni-

1223 892 1346 940 versus
1365 872 1439 940 fere
1463 873 1560 943 orbis
1579 875 1880 967 conflagraverat,
1906 883 2157 977 tranquilliora
2174 900 2211 958 et

1220 969 1370 1042 laetiora
1389 987 1503 1046 eraut.
1552 974 1687 1071 Estque
1708 975 1796 1051 haec
1819 981 1977 1054 laudatio
2003 999 2210 1078 temporum

284 1093 383 1161 Haec
394 1090 527 1180 Ecloga
546 1088 686 1180 generis
700 1102 752 1158 est
766 1084 1053 1156 demonstrativi.
1079 1085 1169 1155 Cum
1219 1071 1371 1163 Augusti
1392 1073 1524 1147 duecte
1547 1082 1594 1146 ad
1615 1079 1853 1153 imitationem
1877 1085 2044 1171 Hesiodi,
2080 1090 2206 1182 quiin

181 1190 278 1263 mim
295 1193 440 1265 Asinius
456 1190 594 1274 pollio,
611 1203 735 1260 orator
752 1188 1054 1280 valdeeloquem,
1073 1189 1168 1279 apud
1220 1188 1385 1264 poemate
1409 1181 1454 1248 de
1480 1203 1586 1270 opere
1609 1195 1644 1251 et
1665 1184 1721 1252 die
1747 1199 1903 1280 quatuor
1927 1202 2059 1260 aetates
2078 1192 2208 1262 consti·

173 1295 380 1384 Augustum
411 1306 540 1387 potens
563 1306 672 1377 eget,
722 1305 758 1360 et
780 1315 861 1359 cum
891 1290 1018 1380 primis
1040 1302 1168 1380 poetae
1219 1277 1306 1358 tuit,
1333 1292 1369 1348 et
1395 1279 1488 1351 inter
1512 1277 1576 1353 has
1598 1307 1743 1354 auream
1769 1292 1949 1382 quandam
1977 1305 2129 1362 aetatem
2149 1295 2207 1384 Β),

180 1396 365 1486 ingenium
393 1397 634 1465 admiraretur
660 1405 696 1461 et
717 1396 874 1473 foveret,
913 1390 1028 1461 voluit
1050 1389 1168 1482 Virgi-
1219 1379 1387 1453 Omnibus
1408 1398 1594 1474 Ρῡθῑόῐῦῐῐῑ
1624 1390 1840 1481 carminib&
1860 1393 2062 1478 laudatam,
2094 1396 2206 1487 inpri-

179 1498 249 1568 lius
271 1500 309 1567 in
331 1496 396 1569 hac
420 1498 551 1588 Ecloga
567 1496 741 1566 Pollionis
764 1495 838 1563 lilio
863 1517 986 1564 recens
1005 1495 1168 1563 nato'de-
1218 1482 1358 1577 mirque
1376 1487 1421 1555 ab
1438 1485 1572 1557 Ovidio
1590 1488 1803 1561 illustratam
1819 1484 1881 1565 lib.
1902 1496 1933 1567 1.
1950 1498 2084 1568 Metam
2099 1498 2156 1591 ⁶⁸).

143 1663 146 1667 ,
178 1613 325 1670 cantare
349 1595 618 1693 genethliacon,
652 1622 725 1692 quo
750 1597 784 1665 ei
807 1597 897 1665 bene
921 1608 1088 1688 precetur
1108 1595 1166 1684 ω).

178 1701 349 1772 Continet
368 1715 487 1775 autem
512 1701 771 1792 expositionem
797 1711 833 1768 et
851 1697 1165 1788 amplificationem
1558 1687 1769 1798 Ecloga
1805 1691 1862 1776 V.

176 1803 355 1876 felicitatis
399 1804 501 1907 aurei
533 1804 662 1887 seculi,
704 1802 803 1897 quod
839 1800 970 1870 iterum
1003 1803 1164 1871 futurum
1255 1824 1582 1919 Argumentum
1617 1837 1663 1903 in
1690 1837 1899 1931 quintam
1933 1839 2164 1932 Eclogam·

176 1918 283 1994 poeta
314 1907 531 1976 vaticinatur
563 1917 679 1975 aetate
708 1904 773 1974 lilii
797 1903 983 1975 Pollionis.
1048 1902 1164 1971 Porro

494 953 631 1024 Aliud
666 952 879 1023 eiusdem.

2137 311 2215 389 seo
2336 272 2340 278 ’

174 2007 284 2074 etiam
312 2002 425 2078 multa
456 2022 541 2079 tunc
570 2011 616 2078 ad
639 2007 839 2098 Augustum
862 2006 1048 2077 referenda
1071 2018 1165 2089 sunt,

177 2108 276 2178 cuins
290 2111 440 2180 subinde
455 2111 578 2180 laudes
593 2111 809 2180 commiscet.
843 2108 1044 2179 Exordium
1058 2104 1167 2178 habet

176 2213 462 2300 propositionem
490 2237 571 2282 cum
601 2212 849 2293 invocatione,
889 2212 927 2280 in
958 2235 1028 2305 qua
1061 2235 1165 2301 argu·

177 2313 291 2381 menti
318 2312 530 2404 gravitatem
556 2326 716 2395 excusat,
743 2313 842 2407 quod
863 2336 907 2380 eo
928 2316 1037 2401 paulo
1057 2313 1165 2382 subli-

176 2415 285 2484 miori
299 2410 359 2483 hlc
372 2415 426 2484 uti
447 2426 590 2485 coactus
612 2417 679 2499 sit,
707 2415 816 2508 quarn
837 2413 1022 2503 permittat
1045 2426 1165 2502 pasto-

174 2516 309 2584 ralium
325 2539 532 2585 sermonum
546 2517 594 2602 ⁴⁷)
616 2515 837 2607 simplicitas.
889 2513 1059 2607 Sequitur
1081 2538 1165 2604 pro·

176 2617 367 2707 positionis
392 2612 598 2715 αἰτιολογία
611 2616 677 2713 ⁴⁸):
714 2617 808 2709 Quia
831 2640 906 2685 non
924 2640 1048 2686 omnes
1066 2616 1166 2686 tenui

177 2740 306 2806 genere
333 2719 507 2788 orationis
536 2720 769 2789 delectantur.
833 2717 974 2787 Deinde
1004 2744 1059 2789 res
1090 2732 1165 2787 ma-

126 2829 129 2836 ’
177 2842 268 2908 gnae
291 2821 399 2888 etiam
425 2821 620 2913 splendidis
646 2823 764 2891 verbis
795 2822 1046 2891 describendae
1070 2833 1165 2905 sunt,

176 2933 217 2989 ut
234 2921 441 2992 observetur
458 2926 649 3007 decorum,
683 2925 779 3017 quod
803 2924 918 3014 poetis
941 2925 980 2992 in
1004 2923 1165 3017 personis

177 3023 365 3096 laudandis
382 3049 462 3094 cum
488 3025 616 3116 primis
634 3037 688 3095 est
703 3026 980 3098 observandum.

439 3213 578 3283 Aliud
621 3213 900 3300 eiusdem¹⁹).

279 3345 417 3438 Quarta
438 3344 572 3437 Ecloga
596 3347 757 3416 dedicata
784 3360 837 3417 est
852 3344 979 3417 Asinio
995 3345 1166 3429 Pollioni,

178 3446 242 3539 qui
262 3447 330 3516 luit
347 3450 470 3520 consul
489 3450 620 3541 'populi
640 3449 801 3519 Romani
828 3473 925 3518 anno
950 3461 1079 3543 quarto
1103 3473 1166 3539 gu-

175 3549 398 3640 bernationis
420 3550 582 3642 Augusti.
638 3551 723 3622 Fuit
745 3553 853 3621 etiarn
875 3553 1026 3642 diligens
1048 3550 1166 3618 imita-

177 3662 236 3720 tor
253 3652 454 3738 Ciceronis,
479 3666 516 3722 et
537 3650 705 3723 historias
729 3677 771 3722 ac
793 3655 996 3745 tragoedias
1014 3653 1165 3744 scripsit.

177 3753 304 3844 Qualis
334 3768 453 3824 autem
478 3755 535 3822 vir
554 3754 682 3837 fuerit,
715 3766 751 3823 et
773 3781 845 3847 quo
868 3781 997 3847 genere
1024 3754 1167 3824 dicendi

175 3878 262 3924 usus
284 3857 348 3936 sit,
383 3857 521 3949 aliquot
543 3857 619 3925 eius
645 3855 835 3945 epistolae,
869 3883 960 3950 quae
982 3870 1104 3928 extant
1128 3857 1166 3924 in
1190 3890 1194 3928 ι

1301 1980 1471 2074 ΙΕΙεςεηιε
1489 2009 1569 2054 curn
1586 1988 1712 2079 primis
1735 2002 1788 2061 est
1805 1992 1929 2084 quinta
1944 1990 2096 2084 Ecloga,
2122 2018 2204 2064 cum

1217 2082 1300 2176 quia
1317 2083 1452 2154 lenium
1469 2087 1679 2175 affectuum,
1709 2117 1799 2186 quos
1820 2090 1898 2189 ἤθη
1922 2107 2072 2180 vocant,
2097 2096 2204 2188 plena

1216 2196 1269 2254 est
1286 2199 1434 2279 propter
1454 2190 1673 2286 colloquium
1697 2208 1884 2285 pastorum
1908 2210 2071 2267 amanter
2096 2212 2131 2267 et
2152 2200 2204 2268 fa·

1215 2287 1405 2358 miliariter
1425 2295 1818 2388 selcomplectentium,
1857 2310 1933 2368 tum
1967 2301 2075 2369 etiam
2105 2303 2204 2394 quod

1216 2406 1467 2480 argumentum
1490 2408 1543 2464 est
1568 2410 1781 2489 perpetuum
1804 2410 1839 2468 et
1861 2401 2056 2493 expolitum
2082 2402 2204 2474 multis

1216 2492 1364 2581 egregiis
1382 2494 1577 2567 luminibus
1598 2523 1640 2567 ac
1654 2501 1776 2589 figuris
1792 2502 1984 2575 verborum
2000 2529 2042 2574 ac
2062 2518 2204 2574 senten·

1216 2591 1362 2664 tiarum.
1419 2594 1594 2686 Deplorat
1623 2614 1742 2669 autern
1773 2615 1878 2692 poeta
1906 2605 1972 2674 sub
2000 2601 2203 2698 Daphnidis

1215 2719 1369 2786 persona
1401 2711 1555 2767 mortem
1587 2701 1643 2769 vel
1673 2702 1814 2785 fratris,
1848 2705 1925 2788 vel,
1965 2707 2062 2799 quod
2088 2708 2215 2797 magis

1216 2809 1495 2869 cousentaneum
1513 2814 1583 2885 est,
1608 2800 1689 2871 Iulii
1705 2802 1878 2875 Caesaris.
1929 2805 2014 2875 Dixi
2030 2806 2126 2876 enim
2142 2833 2201 2877 su-

1216 2924 1301 2991 pra,
1327 2903 1423 2993 quod
1438 2926 1543 2994 saepe
1557 2903 1735 2976 Bucolicis
1749 2908 1870 2997 figuris
1885 2909 1976 2978 seria
1991 2924 2204 3000 argumenta

1216 3001 1458 3074 involvantur.
1509 3005 1672 3081 Pertinet
1686 3008 1794 3097 igitur
1811 3004 1899 3078 haec
1913 3008 2046 3102 Ecloga
2068 3011 2203 3104 partim

1218 3106 1263 3172 ad
1278 3129 1388 3195 genus
1406 3107 1742 3194 demonstrativum,
1768 3114 1901 3202 partim
1917 3112 2203 3185 deliberativum.

1215 3205 1420 3296 Fiuguntur
1453 3209 1548 3277 enim
1582 3205 1642 3280 hle
1675 3212 1768 3281 duae
1795 3213 2015 3298 cantilenae,
2048 3238 2203 3307 quarum

1216 3309 1319 3399 prior
1339 3309 1585 3379 laudationem
1607 3336 1784 3403 personae
1804 3310 2008 3406 Daphnidis
2031 3316 2201 3400 continet,

1217 3422 1270 3480 est
1292 3410 1387 3479 enim
1414 3412 1618 3503 epicedion;
1653 3415 1764 3484 altera
1780 3416 2079 3507 gratulationem,
2106 3421 2204 3512 quod

1217 3512 1263 3583 sit
1284 3525 1445 3605 receptus
1469 3513 1507 3583 in
1527 3540 1718 3588 numerum
1739 3515 1938 3603 Divorum,
1973 3533 2008 3588 et
2028 3520 2204 3612 precatio·

1217 3639 1320 3699 nem,
1353 3628 1394 3684 ut
1415 3616 1461 3686 sit
1483 3619 1672 3710 propitius.
1724 3618 1947 3712 Principium
1971 3620 2124 3713 Eclogae
2152 3634 2205 3693 est

1217 3718 1323 3808 plane
1338 3718 1575 3810 dialogicum,
1591 3735 1632 3792 ut
1646 3722 1692 3794 sit
1708 3722 1846 3793 occasio
1863 3723 2041 3794 carminis.
2074 3723 2203 3793 Postea

1217 3833 1415 3913 sequuntur
1433 3823 1651 3908 cantilenae,
1688 3824 1725 3893 in
1752 3848 1905 3920 quarum
1923 3825 2044 3918 priore
2069 3849 2203 3918 propo-

178 3954 712 4049 x,ljb‚F3m11‚ffioet0ni,so)
738 3957 932 4031 declarant,
992 3961 1086 4029 Nam
1112 3960 1166 4027 di,
1217 3922 1299 3991 sitio
1321 3935 1374 3992 est
1397 3925 1611 4017 amplificata
1635 3926 1906 4012 distributione,
1932 3927 2054 3997 omnia
2079 3926 2203 3997 videli-

177 4056 291 4145 ligens
322 4057 436 4127 lector
464 4053 594 4127 harum
628 4057 860 4148 epistolarum
902 4061 1166 4143 animadvertit,
1217 4035 1274 4092 cet
1296 4029 1634 4144 ¹⁰⁰⁰m²f¹²i¹¹⁶t⁰
1657 4026 1861 4122 Daphnide·
1914 4030 2076 4100 Primum
2099 4053 2203 4148 ³¹5⁰·

176 4160 285 4228 fuisse
308 4160 346 4227 in
360 4160 527 4229 Pollione
550 4173 718 4229 naturam
741 4157 839 4249 pacis
863 4156 898 4227 et
911 4160 1084 4231 libertatis
1107 4186 1166 4230 cu·
1218 4138 1379 4195 ‘nemum
1397 4128 1539 4198 dumus
1556 4155 1576 4198 ὃ
1591 4131 1697 4201 laude
1720 4157 1912 4224 Per⁵⁰¹¹³e²
1939 4157 2030 4227 ΨΜ
2051 4145 2204 4204 suuntur

176 4261 419 4352 fidissimam,
456 4262 492 4332 eq
518 4261 655 4352 patriae
690 4261 987 4332 amantissimam·
1045 4262 1168 4332 pomp
1218 4228 1362 4296 arebus
1383 4226 1500 4318 gestis.
1550 4230 1696 4302 Accedit
1717 4235 1849 4304 rustica
1862 4235 2033 4321 collatio,
2059 4258 2130 4330 qua
2151 4233 2218 4330 dl'.

178 4364 288 4434 etiam
311 4388 354 4434 ex
369 4365 439 4435 illis
461 4365 547 4456 ipsis
571 4364 729 4455 epistolis
752 4364 921 4454 intelligi,
954 4365 1061 4435 fuisse
1085 4390 1166 4435 eum

179 4465 339 4557 Augusto
352 4467 510 4536 maxima
532 4466 775 4536 familiaritate
791 4468 1032 4538 coniunctum.
1070 4467 1167 4537 Haec

165 4569 277 4637 enim
309 4582 393 4639 sunt
426 4571 501 4640 eius
534 4571 667 4639 verba:
705 4568 895 4639 Caesarem
933 4571 1167 4662 (Augustum)

177 4672 278 4763 quod
309 4696 367 4741 me
395 4672 435 4740 in
468 4682 567 4740 tanta
596 4674 742 4742 fortuna
768 4675 878 4743 modo
904 4674 1087 4765 cognitum
1108 4697 1168 4742 ve-

190 4843 399 4857 *n—--n-n

217 4937 264 5004 46)
284 4937 424 5006 precetur]
444 4939 485 4989 sio
501 4939 552 4990 ltd.
567 4936 661 5001 1666.;
677 4938 761 4989 ltdltt.
777 4939 869 5005 1666,
889 4941 964 4991 tosa.
982 4946 1120 5004 precetur.

216 5040 262 5106 47)
279 5045 452 5102 sermonum]
467 5041 508 5090 sio
524 5039 609 5089 nolte
626 5039 718 5104 1666,
738 5042 831 5107 1666.;
852 5043 880 5092 lu
898 5043 949 5095 Ed.
969 5045 1045 5098 1696.
1064 5047 1152 5099 deest.

218 5140 265 5207 48)
290 5144 489 5206 propositiouls
517 5139 684 5208 αἰτιολογία]
709 5141 752 5194 sir
773 5145 967 5211 1141111668..
999 5147 1090 5212 1696.;
1120 5149 1169 5200 Ed.

213 5266 218 5271 ,
255 5211 331 5262 toto.
347 5211 500 5278 αἰτιολογία
518 5210 724 5275 propositionts.
847 5245 850 5251 .

166 5356 172 5367 ,
213 5308 269 5373 46)
294 5312 353 5363 flor
376 5316 567 5379 argumentum
588 5316 624 5366 ab
648 5313 733 5367 sutt.
748 5314 841 5382 tata,
868 5317 944 5373 1696.
966 5318 1124 5389 exhibetur,
1142 5320 1172 5372 ln

255 5378 307 5431 llll.
326 5379 403 5433 lbdb.
419 5383 505 5433 116661.

220 5478 269 5544 w)
289 5480 360 5531 Vide
378 5494 464 5548 supra
480 5499 505 5548 p.
516 5485 578 5540 m
595 5490 689 5541 uotam
703 5488 748 5540 u.

1218 4329 1390 4421 gnitatem
1415 4354 1590 4421 personae
1614 4333 1819 4426 amplificat.
1877 4335 2079 4406 Secundum
2099 4360 2203 4428 argu-

1219 4443 1380 4500 mentum
1404 4432 1554 4525 petitum
1578 4447 1631 4505 est
1656 4458 1677 4504 a
1701 4438 1998 4531 consequentibus
2022 4464 2086 4511 seu
2105 4439 2203 4508 utili:

1219 4533 1414 4628 Postquam
1432 4532 1663 4626 Daphnidem
1684 4539 1888 4626 amisimus,
1921 4541 1982 4611 Dii
2008 4541 2116 4611 etiam
2138 4563 2205 4610 nos

1219 4637 1414 4708 deseruisse
1431 4637 1611 4723 videntur,
1637 4654 1672 4710 et
1689 4642 1810 4712 omnia
1823 4667 1920 4714 nunc
1934 4644 2109 4716 infelicius
2122 4667 2206 4739 pro-

1220 4739 1380 4811 veniunt.
1433 4740 1621 4813 Clauditur
1636 4738 1724 4814 haec
1737 4769 1822 4837 pars
1843 4743 2040 4840 epitaphio.
2089 4743 2132 4816 ln
2156 4746 2207 4814 al-

1220 4852 1297 4910 tera
1337 4842 1514 4912 cantilena
1555 4845 1740 4916 exordium
1778 4845 1917 4919 constat
1956 4848 2207 4941 gratulatione,

1222 4968 1314 5039 quae
1337 4946 1533 5038 explicatur
1555 4949 1952 5037 etiamdistributione,
1976 4964 2091 5023 totum
2109 4952 2205 5019 vide·

1221 5046 1304 5115 licet
1317 5050 1493 5119 mundum
1508 5049 1635 5120 laetari
1642 5047 1834 5144 Daphnide
1849 5055 1886 5124 in
1900 5054 2037 5124 coelum
2054 5052 2208 5124 sublato.

1255 5283 1306 5341 61)
1328 5284 1403 5334 llaec
1418 5285 1506 5335 verba
1522 5285 1654 5349 leguntur
1670 5284 1699 5337 lo
1716 5287 1772 5339 cto.
1792 5286 1873 5349 eplst.
1891 5286 1927 5337 61
1945 5288 2021 5339 Fam
2035 5286 2073 5350 Χ,
2089 5288 2136 5350 tt,
2152 5286 2180 5333 6.

1256 5384 1306 5444 bn
1324 5384 1437 5437 aaron
1455 5385 1522 5450 opp.
1542 5387 1569 5436 64
1586 5385 1653 5437 1)166
1671 5386 1730 5437 1119.
1757 5388 1809 5445 td.
1828 5387 1980 5452 Guetttlng.

1258 5483 1309 5545 ⁸⁸)
1327 5484 1410 5543 ortt.
1427 5485 1575 5552 mu,
1591 5484 1697 5627 wiltg
