4778 6240
88 259 180 334 tte:
461 251 648 324 LXXVlll.
709 248 1000 326 Exeuca'rlo
1031 250 1414 327 SENTENTlARUM
1447 252 1754 330 THEOGNIDIS.
2049 263 2147 337 ’174

91 429 262 502 omnibus
277 425 509 497 interioribus
525 426 673 497 viribus
677 439 713 494 et
733 423 905 495 memhris
928 423 1093 495 externis.

90 533 227 627 Estque
246 529 438 620 descriptio
455 528 727 621 gubernationis
741 528 992 598 locomotivae.

196 632 321 716 Oculi,
347 633 492 723 lingua,
519 656 623 702 aures
637 645 787 701 etmens
802 631 888 714 viri,
912 630 951 699 iu
973 627 1093 699 medio

92 750 236 833 pectore
255 735 415 806 nascitur
434 730 712 832 prudentibus]
745 734 785 803 id
806 746 876 815 est,
909 733 998 815 illis,
1029 731 1095 850 qui

92 853 266 932 reguntur
282 851 378 910 recta
394 838 548 911 ratione.
601 835 793 927 Gellius²⁸)
813 848 960 906 venuste
975 832 1096 927 inquit

92 946 136 1014 de
151 943 272 1035 lingua
291 941 543 1033 gubernanda:
576 941 659 1012 Non
685 940 791 1009 debet
813 936 903 1007 haee
920 938 1005 1007 nola
1024 937 1094 1006 tin·

92 1047 192 1129 nire,
219 1046 290 1114 nist
279 1045 392 1114 'sune
418 1039 625 1114 trahatura
652 1045 782 1126 corde,
809 1041 934 1124 idest,
965 1061 1094 1130 expen-

93 1151 253 1220 dendum
272 1160 325 1217 est
340 1146 459 1239 prius,
485 1146 573 1240 quid
595 1146 776 1240 loquaris,
809 1168 856 1213 ne
879 1144 977 1215 dicas
1000 1142 1095 1211 redi-

94 1267 194 1323 turas
211 1274 315 1319 voces
332 1273 397 1339 per
413 1249 593 1340 iugulum,
618 1262 659 1318 ut
673 1247 812 1317 Plinius
830 1246 959 1340 iuquit.

198 1369 276 1442 Vss.
294 1365 393 1439 1165
407 1393 467 1461 sq,
504 1364 609 1464 Τοῖς]
633 1366 689 1437 De
710 1391 906 1459 pravorum
927 1365 1094 1436 societate

95 1474 255 1544 vitanda.
322 1472 485 1567 Suntque
512 1466 552 1538 hi
573 1471 738 1541 versiculi
762 1471 939 1560 elegantes
962 1490 1095 1559 propo-

94 1576 208 1647 nendi
223 1574 433 1657 iuvenibus,
453 1596 610 1667 ,quorum
628 1573 783 1663 simplici
806 1571 917 1640 aetati
938 1570 1093 1641 maxime

97 1692 204 1748 nocet
234 1679 454 1747 consuetudo
485 1700 631 1757 eorum,
678 1699 832 1770 quorum
862 1694 984 1747 mores
1012 1684 1096 1744 sunt

97 1781 278 1874 corrupti,
305 1803 370 1849 nec
396 1793 448 1850 est
472 1779 584 1849 ullum
610 1779 708 1849 aliud
732 1777 890 1849 deterius
915 1798 1093 1847 venenum

98 1882 380 1971 adolescentiae,
408 1905 515 1977 quam
533 1906 686 1973 pravum
702 1880 923 1953 sodalitium.

201 1986 290 2057 Cum
313 1985 417 2056 bonis
443 2009 674 2070 conversare,
708 1987 823 2055 malos
850 2007 936 2052 vero
966 2006 1013 2050 ne
1042 2006 1095 2051 se-

98 2089 240 2186 quaris,
287 2090 434 2182 quando
465 2088 653 2181 perfeceris
684 2090 777 2171 lines
805 2086 922 2180 viae,]
964 2084 1001 2154 id
1031 2097 1095 2168 est,

98 2195 189 2265 sicut
207 2218 286 2262 cum
307 2217 453 2283 peregre
471 2192 725 2282 proficisceris,
753 2216 901 2285 operam
925 2190 1011 2257 dare
1035 2189 1095 2259 de-

96 2300 179 2380 bes,
206 2308 245 2367 ut
263 2295 329 2364 tibi
346 2320 463 2364 comes
484 2295 540 2363 vir
564 2296 610 2366 sit
631 2297 766 2378 bonus,
792 2295 843 2362 ita
868 2293 905 2359 in
927 2293 1094 2360 universa

93 2400 191 2481 Ι1111,
218 2423 310 2492 quae
327 2393 418 2465 nihil
433 2396 530 2466 aliud
547 2410 600 2466 est
619 2421 727 2490 quam
754 2394 1016 2488 peregrinatio,
1043 2393 1096 2461 di·

94 2504 249 2595 ligenter
264 2500 506 2590 circumspice,
531 2499 589 2568 cui
605 2511 639 2568 te
655 2499 830 2590 adiungas
847 2510 882 2566 et
897 2495 995 2564 cuius
1011 2519 1095 2562 con-

97 2603 212 2677 sortio
230 2601 352 2671 utaris.

201 2719 280 2791 Vss.
299 2720 398 2790 1167
412 2747 465 2812 sq.
502 2721 588 2792 Τῶν
617 2715 796 2816 ἀγαθῶν]
832 2715 1021 2786 Bonorum
1044 2729 1096 2785 est

39 2880 74 2925 ‚p
93 2829 193 2897 bona
207 2824 414 2914 responsio,
440 2835 476 2890 et
496 2822 591 2891 bona
615 2823 723 2890 etiam
743 2820 856 2903 lacta,
891 2819 927 2888 id
952 2832 1024 2902 est,
1049 2821 1094 2887 ab

42 2922 47 2931 ¹
95 2929 170 2998 illis
182 2926 319 3020 aliquid
335 2925 421 3006 boni
437 2926 559 2997 disces.
594 2925 663 2994 Sed
679 2923 858 2991 malorum
876 2923 970 2991 mala
986 2923 1094 2992 verba

96 3032 155 3100 vel
169 3025 273 3098 nihili
290 3030 382 3097 dicta
404 3029 502 3096 venti
521 3029 698 3097 auferunt.
740 3025 856 3095 Notus
874 3039 926 3094 est
941 3026 1095 3098 versicu-

97 3135 153 3205 lus
173 3133 246 3201 divi
269 3127 430 3227 Paulill)
457 3156 499 3200 er
512 3131 733 3201 Menandro:
770 3128 1016 3219 Corrumpunt
1032 3131 1094 3198 bo-

98 3261 165 3307 nos
182 3260 302 3305 mores
320 3235 501 3304 consortia
516 3258 642 3328 prava.

201 3348 558 3447 1111691111
592 3353 645 3422 Ex
669 3375 784 3444 pravo
808 3350 975 3422 sodalitio
999 3353 1093 3422 mala

97 3471 378 3553 consequuntur.
414 3459 521 3525 Recte
538 3470 656 3525 autem
676 3459 750 3547 ipse
768 3478 978 3543 cognosces,
1006 3481 1094 3550 quo-

97 3567 194 3635 niam
214 3565 316 3631 valde
340 3562 519 3630 offendisti
537 3560 633 3630 Deos
644 3557 673 3656 ,]
701 3561 738 3626 id
756 3572 824 3640 est,
851 3572 971 3628 tamen
989 3582 1094 3650 saepe

95 3680 246 3759 propter
262 3691 374 3756 prava
392 3664 557 3734 sodalitia
573 3664 707 3733 incides
724 3663 761 3730 in
782 3686 917 3753 poenas
941 3664 1094 3732 divinas.

71 3826 74 3831 .
96 3769 330 3861 luvenalisffi)
349 3769 393 3835 de
411 3768 507 3834 malo
526 3766 714 3835 sodalitio:

406 3882 487 3930 Dedit
503 3882 576 3933 hano
592 3881 721 3944 contagto
738 3882 844 3945 leton,

203 3970 240 4019 111
257 3967 332 4018 dabit
349 3967 378 4015 in
395 3966 506 4030 plnres3
533 3967 605 4015 sicut
621 3978 691 4029 grex
708 3968 784 4016 totus
802 3966 831 4016 Ιιι
848 3965 925 4030 egris

202 4054 290 4106 Unius
307 4052 400 4105 suste
417 4051 491 4101 cadtt
509 4054 537 4100 et
555 4048 697 4115 porrigine
717 4051 803 4113 porcl.
841 4053 847 4064 '

96 4147 145 4217 Et
164 4138 426 4215 Demosthenes
449 4140 584 4234 inquit:
618 4132 719 4210 Talis
739 4138 890 4235 quisque
912 4152 1006 4208 recte
1031 4164 1095 4230 pu-

96 4263 194 4320 tatur
211 4272 304 4331 esse,
331 4244 454 4340 quales
477 4243 530 4311 illi
552 4255 653 4327 sunt,
686 4267 766 4313 cum
794 4242 923 4336 quibus
947 4267 1094 4313 conver-

96 4366 207 4425 satur.

198 4454 276 4525 Vss.
292 4451 387 4524 1171
407 4477 458 4545 sq.
485 4443 671 4547 Γνώμην]
698 4447 752 4516 De
766 4448 976 4541 prudentia,
997 4451 1094 4542 quod

95 4558 142 4630 sit
156 4558 354 4628 maximum
371 4555 505 4624 bonum
522 4554 560 4624 in
575 4551 647 4621 vita
665 4546 874 4635 hominum,
907 4562 941 4621 et
964 4553 1010 4622 sit
1031 4553 1095 4622 do-

95 4687 183 4732 num
200 4660 310 4732 solius
326 4658 404 4727 Dei.
465 4657 577 4749 Saepe
600 4655 694 4725 enim
720 4654 981 4746 sapientissima
1009 4680 1093 4725 con-

95 4765 173 4837 silia
199 4764 350 4855 pessime
375 4761 527 4841 cadunt,
554 4759 644 4830 sicut
666 4771 817 4877 uterque
833 4753 1093 4829 Demosthenes

97 4881 132 4938 et
150 4867 275 4938 Cicero
291 4876 496 4937 everterunt
512 4844 780 4933 florentissimas
796 4862 1013 4956 respublicas
1029 4887 1091 4932 sua

95 4971 283 5064 sapientia.
348 4967 454 5040 Nulla
486 4967 581 5035 enim
610 4964 694 5035 lelix
723 4978 775 5036 est
798 4965 874 5036 sine
891 4962 979 5034 Deo
1007 4988 1092 5057 pru-

95 5075 228 5147 dentis.

100 5233 226 5244 ..n—n·-
241 5235 302 5243 ..n--

131 5306 180 5362 2⁸)
199 5307 276 5357 cont.
295 5307 549 5361 1111111111111.
569 5307 592 5372 1,
612 5307 652 5356 ts.

130 5389 180 5457 tt)
200 5393 224 5445 t.
239 5390 304 5445 cor.
321 5391 423 5455 (111.

129 5476 179 5537 2⁶)
196 5475 292 5529 turen.
311 5474 369 5551 811.
380 5474 410 5543 2,
427 5474 553 5533 78-81.

1249 428 1429 511 Mentem,
1462 428 1595 511 idest,
1628 430 1858 521 prudentiam
1884 433 2058 522 optimam
2081 434 2144 505 Dii

1146 530 1235 598 dant
1266 527 1494 612 hominibus,
1537 555 1628 626 quae
1656 533 1816 602 continet
1844 545 1956 605 metas
1979 536 2143 607 omniurn

1145 621 1266 701 reruin
1279 630 1309 729 ‚]
1338 633 1375 703 id
1394 646 1464 717 est,
1491 635 1613 703 omnia
1630 648 1804 725 reguntur
1827 637 1976 706 consilio
2000 649 2036 706 et
2059 663 2145 729 pru·

1145 736 1280 805 dentia.

1249 853 1327 924 Vss.
1357 854 1513 924 1178-
1525 853 1634 927 1178.
1675 848 1738 950 Ω]
1772 854 2014 941 Exclamatio,
2053 881 2146 953 quae

1147 956 1342 1048 amplilicat
1365 951 1458 1025 hanc
1480 958 1706 1028 sententiam.
1757 957 1791 1029 O
1815 959 1918 1041 felir,
1950 962 2012 1054 qui
2035 964 2145 1032 talem

1147 1054 1257 1129 habet
1270 1072 1445 1143 mentem,
1472 1060 1510 1129 id
1525 1074 1595 1144 est,
1619 1086 1674 1131 cur
1665 1061 1788 1131 'Deus
1810 1063 2004 1132 clementer
2026 1064 2145 1156 adspi-

1146 1174 1214 1231 rat.
1266 1161 1369 1231 Certe
1387 1158 1474 1231 haec
1491 1164 1605 1233 multo
1624 1177 1676 1234 est
1693 1165 1841 1248 mehor
1874 1189 1983 1259 quam
2008 1167 2144 1237 violen-

1147 1264 1196 1333 tia
1212 1265 1360 1334 exitiosa
1379 1278 1414 1333 et
1434 1266 1684 1384 perniciosa.
1657 1269 1836 1337 saturitas.
1888 1261 2008 1364 Κόρυς
2030 1265 2145 1365 ὕβριν

1145 1362 1272 1440 τίκτει.
1323 1367 1475 1441 Satietas
1491 1370 1587 1459 parit
1603 1368 1753 1440 iniurias
1768 1384 1804 1438 et
1815 1371 2067 1461 petulantiam.

1250 1470 1402 1541 Satietas
1417 1472 1473 1540 vel
1487 1473 1655 1543 saturitas
1671 1485 1724 1542 est
1738 1468 1945 1543 hominibus
1963 1475 2057 1542 mala
2075 1498 2145 1555 res,

1147 1584 1182 1640 et
1205 1569 1261 1644 his
1283 1572 1388 1644 malis
1411 1575 1544 1645 scilicet
1568 1575 1764 1667 petulantia
1788 1588 1823 1642 et
1845 1575 2031 1645 saturitate
2054 1572 2145 1645 nihil

1148 1686 1200 1744 est
1215 1674 1462 1768 perniciosius.
1514 1676 1642 1747 Omnis
1659 1678 1754 1746 enim
1775 1673 1884 1748 exhis
1909 1679 2045 1748 malitia
2073 1679 2145 1748 eri·
2202 1746 2205 1753 .

1147 1778 1219 1848 stit.
1270 1776 1419 1849 Utinam
1436 1780 1502 1861 sis,
1531 1781 1689 1874 quinon
1713 1780 1878 1850 alliciaris
1903 1781 2005 1850 malis
2027 1781 2146 1873 operi·

1147 1882 1233 1965 bus,
1271 1895 1307 1951 et
1337 1883 1401 1976 qui
1430 1883 1476 1953 sis
1505 1884 1640 1953 otiosus
1663 1907 1681 1950 a
1707 1882 1830 1964 malis,
1868 1896 1903 1952 et
1926 1883 1976 1954 sic
1998 1879 2145 1955 habebis

1147 1985 1341 2054 maximam
1370 1986 1625 2077 experientiam
1650 1982 1825 2083 virtutis]
1858 1985 2034 2079 Congruit
2063 2011 2144 2058 cum

1147 2087 1260 2158 dicto:
1287 2086 1437 2159 Discede
1454 2090 1587 2158 amalo
1605 2103 1639 2159 et
1653 2090 1709 2158 fac
1723 2090 1872 2160 bonum.

1248 2206 1327 2280 Vss.
1342 2207 1442 2278 1179
1459 2235 1512 2303 sq.
1535 2204 1682 2308 Κύρνε]
1711 2208 1765 2278 De
1780 2208 1912 2301 pietate
1928 2222 1963 2277 et
1978 2231 2145 2281 reveren·

1147 2310 1197 2379 tia
1222 2335 1306 2400 erga
1320 2309 1458 2395 Deum,
1488 2314 1532 2380 de
1556 2339 1627 2406 qua
1650 2312 1799 2384 dicitur:
1834 2310 1982 2383 lnitium
2005 2312 2146 2404 sapien-

1147 2415 1219 2482 tiae
1236 2413 1348 2482 timor
1361 2412 1512 2483 Domini
1520 2414 1581 2508 ²⁰).

1251 2514 1369 2584 Deum
1391 2539 1557 2587 reverere
1582 2531 1618 2588 et
1639 2516 1738 2589 time.
1797 2515 1890 2588 lllud
1918 2514 2015 2588 enim
2049 2527 2146 2588 arcet
2233 2550 2243 2561 -

1148 2615 1286 2699 virum,
1312 2641 1358 2686 ne
1375 2618 1472 2687 dicat
1487 2632 1549 2688 aut
1564 2620 1673 2689 faciat
1686 2618 1810 2711 impia.

1249 2736 1327 2808 Vss.
1347 2738 1442 2808 1181
1458 2762 1512 2831 sq.
1538 2738 1791 2836 Δημοφόγον]
1818 2737 1873 2806 Ι)1
1891 2736 2055 2829 tyrannis
2078 2733 2147 2804 tol-

1146 2838 1262 2909 lendis
1277 2864 1295 2909 e
1312 2843 1444 2912 medio.
1502 2841 1578 2912 Nos
1599 2865 1685 2911 vero
1706 2838 1881 2909 habemus
1903 2849 2147 2930 praeceptum,
2199 2860 2205 2876 ’

1147 2955 1188 3011 ut
1203 2943 1413 3014 obediamus
1429 2943 1537 3012 etiam
1559 2945 1672 3035 impio
1695 2943 1940 3034 magistratui,
1966 2945 2145 3023 modone

1147 3061 1252 3136 cogat
1273 3071 1340 3117 nos
1361 3049 1406 3114 ad
1430 3047 1653 3137 impietatem
1669 3058 1704 3115 et
1719 3046 1870 3123 scelera;
1896 3046 1957 3126 sed
1979 3045 2048 3134 ipsi
2070 3066 2146 3115 tut·

1148 3150 1307 3218 tulerunt
1323 3162 1517 3242 tyrannos,
1545 3162 1579 3216 et
1601 3160 1869 3240 proposuerunt
1891 3143 2145 3237 amplicissinra

1146 3252 1308 3344 praemia
1323 3251 1387 3337 iis,
1418 3252 1482 3345 qui
1504 3251 1672 3329 tollerent
1692 3265 1877 3344 tyrannos.
1931 3248 2147 3341 Tyrannum

1147 3358 1382 3425 devorantem
1412 3354 1588 3447 populum
1613 3355 1719 3425 tollas
1741 3376 1809 3445 pro
1834 3350 1998 3422 arbitrio.
2061 3349 2147 3422 Non

1148 3458 1242 3528 enim
1262 3471 1313 3528 est
1326 3458 1398 3527 ulla
1417 3458 1507 3527 ultio
1524 3459 1620 3549 apud
1636 3456 1767 3526 Deum.

1249 3578 1327 3649 Vss.
1346 3579 1445 3648 1188
1460 3604 1513 3671 sq.
1541 3568 1661 3675 Νοῦς]
1686 3575 1872 3647 Facundia
1894 3587 1930 3641 et
1954 3571 2145 3663 prudentia

1146 3704 1231 3752 raro
1249 3695 1333 3751 sunt
1348 3683 1550 3751 coniuncta.
1603 3681 1716 3770 Saepe
1732 3681 1782 3762 fit,
1809 3689 1850 3747 ut
1864 3678 2057 3793 prudentes
2070 3697 2145 3741 non

1147 3784 1312 3855 similiter
1336 3785 1407 3854 sint
1427 3784 1590 3861 lacundi;
1629 3785 1690 3853 sed
1716 3779 1936 3851 eontrarium
1962 3789 2013 3847 est
2035 3776 2145 3846 usita-

1148 3887 1229 3958 tius.
1290 3888 1446 3981 Quando
1472 3912 1558 3955 vero
1582 3889 1689 3956 ambo
1712 3899 1795 3956 sunt
1814 3882 2022 3962 coniuncta,
2059 3892 2145 3947 tunc

1147 4004 1232 4060 sunt
1263 3991 1401 4082 insigne
1429 3990 1498 4060 Dei
1529 3991 1685 4075 donum,
1728 3991 1771 4057 de
1801 4010 1873 4080 quo
1899 3980 2144 4081 Salomon''¹)·

1147 4095 1265 4163 Aurea
1297 4092 1424 4161 mala
1415 4119 1451 4161 ιιι
1476 4106 1644 4184 argentea
1671 4094 1793 4185 patina
1825 4100 1909 4161 sunt
1932 4099 2025 4154 recte
2049 4080 2150 4154 dicta

1148 4197 1363 4287 sapientum.

1249 4297 1352 4367 Mens
1382 4299 1477 4365 hona
1511 4308 1546 4363 et
1574 4294 1737 4385 lingua’
1727 4317 1765 4361 ιιι
1793 4292 1915 4385 paucis
1938 4289 2147 4363 hominibus

1147 4412 1231 4470 sunt
1246 4412 1353 4483 nota,
1379 4395 1594 4493 quihorum
1611 4398 1801 4467 amborum
1819 4409 1902 4465 sunt
1920 4390 2080 4490 prom1‚]
2106 4394 2145 4469 id

1148 4516 1221 4586 est,
1245 4499 1411 4598 qu1haec
1426 4513 1520 4572 recte
1544 4502 1767 4592 g‚ubernant
1802 4501 1858 4567 vel
1882 4495 2023 4594 quibis
2049 4509 2144 4567 recte

1146 4620 1308 4678 utuntur.
1382 4605 1445 4677 Est
1478 4604 1573 4674 enim
1605 4598 1830 4696 metaphora.
1904 4598 2059 4671 Promus
2092 4585 2146 4670 e'st

1146 4709 1397 4802 dispensator‘
1386 4734 1424 4776 ιιι
1441 4712 1577 4826 domo,
1592 4707 1653 4802 qui
1670 4719 1811 4798 praeest
1826 4704 1947 4797 penui,
1964 4703 2144 4773 ministrat

1147 4827 1181 4883 et
1202 4813 1383 4884 distribuit
1403 4811 1600 4882 necessaria
1619 4823 1714 4878 certo
1737 4833 1888 4878 numero
1906 4832 1946 4875 ac
1963 4828 2143 4887 mensura,

1147 4929 1181 4985 et
1193 4918 1331 5011 reliqua
1349 4928 1516 4987 asservat.

1149 5050 1152 5057 '
1245 5037 1322 5107 Vss.
1333 5037 1494 5131 ttstsq.
1495 5035 1555 5130 ²⁸.)
1577 5033 1634 5109 (lv
1647 5031 1721 5132 τις]
1736 5032 1791 5101 De
1805 5033 2012 5100 necessitate
2028 5026 2140 5098 11111(

1146 5203 1351 5214 ’.φο-..ι-

1178 5301 1227 5361 att
1243 5298 1432 5351 Ecclesiaste.
1454 5298 1479 5362 t,
1500 5296 1539 5348 tc

1178 5388 1227 5447 ιι)
1245 5372 1328 5438 mov.
1341 5387 1388 5453 as,
1407 5388 1449 5437 ιι.

1178 5470 1228 5530 ²8)
1245 5471 1285 5521 De
1304 5484 1363 5523 vsa.
1381 5470 1449 5521 1181
1462 5481 1504 5531 sq.
1522 5469 1547 5522 ιι.
1562 5466 1581 5519 l.
1600 5462 1713 5518 onlsrls
1730 5461 1804 5514 cont.
1822 5469 1907 5521 supro
1927 5470 1950 5519 p.
1964 5456 2009 5506 10.
2034 5454 2137 5505 notet.
