4778 6240
43 312 118 385 381
507 299 725 375 cxxxvrn.
776 301 1060 375 nunnnnno

81 534 85 540 .
141 477 212 650 le.
237 476 299 547 86.
344 477 511 545 orchades
528 470 602 570 ²⁷)]
632 422 778 543 ³habent
805 475 960 543 formam
988 487 1040 544 te-

47 586 139 659 sticu
156 582 179 649 i.

152 679 213 750 Vs.
232 678 292 750 87.
330 679 482 767 Alcinoi]
522 676 557 744 id
591 691 662 760 est,
703 678 796 767 regis
822 674 1040 760 Phaeacum,
1072 736 1074 741 .

49 811 143 880 quae
167 805 262 852 nunc
283 791 432 848 vocatur
455 779 631 870 Corcyra,
675 792 710 849 et
743 792 794 851 est
816 783 880 851 sub
904 780 1040 848 ditione

51 890 288 965 Venetorum.
881 944 886 953 .

151 988 213 1056 Vs.
231 984 292 1054 88.
321 985 525 1054 Crustumiis
540 985 736 1076 Syriisque]
762 981 796 1050 A
812 984 903 1054 loco.
977 988 1042 1053 Vo-

51 1093 145 1183 lesus]
172 1089 306 1168 idest,
338 1088 472 1173 grande
499 1085 617 1174 pirum
643 1086 796 1175 implens
817 1088 961 1168 volam,
993 1084 1042 1154 sic

51 1196 186 1264 dictum
206 1214 224 1257 a
252 1187 510 1276 magnitudine.

157 1292 219 1361 Vs.
236 1290 296 1360 89.
328 1289 520 1378 Wudemio]
547 1287 688 1377 Species
707 1287 818 1356 vinia
843 1287 931 1358 locis
957 1312 1041 1356 enu-

52 1409 181 1466 metat.

155 1495 216 1565 Vs.
234 1494 294 1563 93.
327 1496 450 1564 Utilior
470 1493 585 1582 pasco]
615 1515 657 1585 pu
681 1503 896 1581 gesottenem
922 1515 1042 1584 weyn.

52 1601 202 1670 Passum
227 1609 279 1666 cst
302 1595 489 1688 antiquum
523 1593 757 1675 vocabulum,
796 1618 861 1662 nec
891 1595 988 1662 venit
1022 1619 1041 1661 a

51 1706 181 1792 pundo,
208 1724 274 1767 nec
290 1721 308 1764 a
323 1703 447 1785 patim.
495 1696 677 1785 Significat
693 1708 812 1764 autem
827 1696 1041 1766 desiccatum

55 1817 91 1872 et
120 1825 309 1891 rugosum,
349 1801 439 1866 sicut
462 1799 627 1866 dicebant
658 1799 752 1888 passi
782 1823 901 1882 senes,
941 1822 1066 1890 passa,

55 1929 187 1975 cerasa.
239 1899 288 1969 Et
301 1901 441 1970 Plinius
457 1901 593 1993 inquit:
629 1899 800 1970 Recentia
828 1926 947 1970 cerasa
975 1901 1044 1970 sol-

55 2020 145 2077 vunt
167 2004 307 2086 alvum,
339 2027 440 2093 passa
466 2003 712 2092 adstringunt,
746 2004 782 2071 id
806 2006 902 2096 quod
929 2003 1045 2070 mani-

56 2114 180 2181 festum
198 2124 260 2179 est.
361 2107 506 2197 lageos]
534 2106 675 2175 Nomen
699 2106 801 2189 vitis,
834 2105 973 2196 generis
995 2107 1044 2175 le-

55 2212 197 2284 minini.
770 2264 775 2271 .

158 2314 220 2383 Vs.
239 2310 301 2382 96.
340 2312 518 2402 Rhaetica]
551 2312 742 2389 Feltliner3
783 2322 835 2379 est
857 2307 1047 2380 Germani·

57 2443 141 2488 cunr
167 2416 311 2493 vinum,
355 2412 410 2480 cni
436 2413 522 2479 vino
546 2414 681 2502 primas
708 2413 835 2481 tribuit
855 2413 1047 2501 Augustus,

57 2522 143 2613 quia
175 2517 316 2584 videtur
347 2510 436 2581 mibi
466 2518 660 2583 admodum
692 2515 846 2582 amicum
877 2537 950 2583 esse
976 2525 1048 2581 sto-

58 2615 201 2689 macho.
256 2613 408 2682 Multum
426 2616 532 2706 enirn
557 2617 672 2685 nutrit
696 2640 847 2707 corpora
873 2629 908 2685 et
930 2616 1049 2684 minus

59 2719 233 2791 accendit.
284 2715 427 2785 Laudat
444 2729 562 2786 autem
581 2740 667 2810 prae
685 2719 763 2789 aliis
777 2717 948 2809 Virgilius
966 2742 1049 2808 pro-

58 2840 140 2918 pter
154 2825 376 2911 Augustum,
403 2819 465 2911 qni
480 2822 633 2890 multum
650 2846 692 2890 eo
710 2834 763 2892 est
778 2846 881 2903 usus,
909 2834 943 2888 et
959 2845 1049 2889 sem·
1074 2836 1077 2855 ¹

58 2952 125 3020 per
144 2948 209 3016 per
225 2944 373 2991 coenam
391 2922 481 2990 bibit
498 2925 711 3008 sextarium,
735 2925 793 2993 ein
811 2924 940 2994 nossel.

61 3134 181 3228 pania.

163 3235 225 3305 Vs.
242 3232 303 3302 97.
328 3234 507 3324 Amineae]
534 3232 571 3299 in
593 3231 736 3322 Apulia.

165 3328 225 3408 Vs.
245 3339 329 3407 loa.
355 3336 531 3426 Bumuste]
559 3337 682 3418 idest,
716 3331 912 3424 grandibus
933 3328 1052 3398 uberi-

63 3447 141 3513 bus.
192 3440 333 3512 Nomen
352 3440 483 3508 laetum
507 3451 558 3507 est
581 3463 599 3505 a
625 3439 720 3533 βοῦ,
758 3439 855 3529 quod
879 3433 1054 3525 significat

65 3569 235 3637 magnum
268 3544 306 3610 in
340 3541 620 3633 compositione,
662 3553 696 3609 et
724 3532 893 3631 μασθός,
928 3538 1054 3616 idest,

66 3652 166 3720 uber.
256 3716 260 3723 ,

169 3751 230 3817 Vs.
250 3749 333 3816 109.
366 3754 445 3817 ’Νεο
469 3746 560 3835 uero]
596 3742 771 3832 Quintum
796 3755 920 3833 caput:
963 3716 1083 3856 aliae}

66 3866 186 3920 terrae
205 3850 273 3915 alia
292 3849 451 3936 gignunt.

172 3950 233 4019 Vs.
254 3949 338 4018 110.
364 3949 463 4037 Atat]
492 3948 615 4014 eilern.

175 4051 235 4122 Vs.
254 4052 337 4123 112.
365 4053 525 4138 alpertus]
550 4051 612 4115 das
631 4068 678 4111 an
698 4045 762 4111 der
775 4068 913 4112 sonnen
930 4046 1004 4137 ligt.

172 4154 232 4226 Vs.
247 4153 331 4225 114.
356 4157 547 4238 Domitum]
564 4151 599 4216 id
617 4161 680 4228 est,
699 4147 888 4227 excultum,
903 4159 1056 4214 aratum.

173 4260 233 4330 Vs.
259 4253 343 4328 116.
387 4259 544 4340 Gelonos]
580 4253 710 4331 idest,
745 4248 941 4317 orientalia
968 4247 1057 4316 loca.

69 4365 173 4434 Aliae
191 4364 335 4431 arbores
350 4370 545 4428 nascuntur
560 4357 599 4422 in
615 4353 692 4422 aliis
709 4350 807 4422 locis.

172 4467 232 4537 Vs.
250 4464 336 4534 117.
359 4462 548 4551 Hebeuum]
573 4456 652 4547 Ego
675 4455 835 4546 intelligo
859 4450 1061 4544 guaiacum,

75 4598 146 4667 quo
172 4580 322 4640 utuntur
342 4570 386 4633 ad
412 4563 632 4632 curationem
660 4560 778 4628 morbi
792 4556 940 4637 Gallici,
974 4554 1058 4646 quia

75 4673 216 4767 guaiaci
233 4667 424 4757 descriptio
440 4666 513 4734 sola
537 4665 704 4733 convenit
722 4687 803 4733 cum
821 4657 1060 4747 descriptione

75 4775 216 4846 hebeni.
327 4771 420 4842 Solis
443 4779 494 4838 est
511 4770 646 4859 thurea]
682 4766 757 4837 Soli
778 4762 907 4835 Sabaei
927 4757 1061 4844 habent

1084 301 1379 376 'GEORGICON
1411 304 1618 377 VlRGlLll.

2004 319 2080 394 382

1098 487 1132 544 et
1162 474 1327 566 inprimis
1354 475 1392 543 in
1421 478 1605 546 curatione
1637 477 1862 562 vulnerum,⁴
1887 496 1938 550 est
1969 487 2083 557 effica—

1095 577 1274 646 cissimum
1301 579 1513 649 remedium.
1543 653 1546 662 ,
1565 580 1707 650 Nomen
1723 582 1855 651 factum
1875 597 1927 654 est
1943 608 1963 653 a
1981 586 2081 674 Baal,

1093 680 1216 763 idest,
1243 679 1440 763 Dominus,
1476 695 1510 750 et
1531 679 1724 765 schemen,
1759 685 1888 768 idest,
1923 711 2083 780 unguen-

1094 794 1192 865 tum,
1226 781 1262 850 id
1290 795 1360 866 est,
1398 782 1577 855 Dominus
1596 787 1789 878 unguenti»,
1822 792 2083 878 praestantissi-

1094 909 1192 953 mum
1213 898 1448 972 unguentum.

1195 983 1256 1055 Vs.
1277 985 1358 1057 119.
1386 991 1551 1076 Acantho]
1580 991 1744 1059 arborem
1767 990 1951 1081 siguificat.

1138 1128 1141 1135 ,
1196 1087 1257 1157 Vs.
1273 1088 1358 1161 120.
1390 1092 1494 1161 Molli
1519 1094 1615 1185 luno]
1643 1095 1688 1160 da
1712 1094 1770 1162 die
1796 1096 1903 1186 seyde
1925 1121 1971 1165 an
1997 1099 2082 1169 heu·
2185 1182 2187 1187 ,

1095 1211 1178 1256 men
1192 1187 1365 1273 wechsst,
1391 1193 1482 1263 sicut
1501 1196 1596 1285 apud
1623 1220 1689 1266 nos
1710 1196 1812 1286 fungi
1835 1198 1872 1264 in
1895 1201 2083 1271 arboribus
2205 1242 2209 1249 ·

1095 1284 1324 1381 proveniunt.

1196 1412 1257 1480 Vs.
1276 1411 1360 1484 126.
1395 1415 1533 1503 Medio]
1558 1414 1622 1484 Est
1643 1415 1702 1483 illc
1726 1422 1799 1506 ipse
1822 1417 1939 1503 locus,
1973 1446 2081 1514 quem

1095 1536 1191 1580 nunc
1215 1527 1311 1582 tenet
1334 1512 1465 1606 Sophi,
1504 1539 1567 1584 ren
1593 1517 1797 1588 Persarum.
1861 1520 1909 1592 Et
1935 1534 1987 1591 est
2013 1519 2081 1595 hoc

1096 1614 1212 1704 ipsum
1240 1640 1408 1704 regnum,
1451 1619 1549 1709 quod
1581 1632 1659 1686 erat
1690 1642 1838 1709 regnum
1862 1621 2082 1697 Parthorum

1096 1729 1258 1807 ternpore
1272 1717 1441 1808 Augusti,
1472 1720 1570 1811 quod
1586 1716 1802 1789 Chaldaeam
1828 1726 1981 1816 attingit.
2037 1728 2084 1797 Et

1096 1819 1187 1889 sicut
1220 1842 1262 1888 eo
1292 1833 1453 1910 tempore
1477 1817 1604 1889 Parthi
1632 1823 1777 1891 luerunt
1804 1827 2080 1897 bellicosissimi:

1097 1921 1146 1989 ita
1163 1946 1257 1991 nunc
1273 1924 1338 1992 sub
1353 1919 1466 2014 Sophi
1482 1936 1565 1992 sunt
1588 1912 1861 1998 robustissimae
1879 1944 1913 1998 et
1936 1930 2084 2000 fortissi-

1097 2049 1178 2093 mae
1195 2038 1328 2115 gentes.
1434 2028 1567 2096 Tristes
1583 2030 1711 2119 succos]
1739 2029 1776 2096 id
1801 2045 1870 2116 est,
1902 2033 2001 2101 varia
2025 2056 2084 2101 ve·

1098 2150 1212 2209 nena,
1239 2127 1273 2195 id
1294 2140 1357 2208 est,
1386 2126 1476 2196 sicut
1494 2122 1602 2197 habet
1618 2129 1716 2197 varia
1735 2156 1885 2216 venena,
1909 2135 1957 2202 ita
1975 2134 2083 2202 etiam

1098 2225 1206 2297 habet
1233 2228 1391 2297 remedia
1430 2243 1552 2297 contra
1594 2255 1743 2302 venena.
1874 2241 2086 2331 Tardumque

1098 2326 1266 2427 soporem]
1294 2331 1427 2411 idest,
1461 2332 1688 2415 subacidum‚
1721 2335 1778 2403 vel
1801 2337 1907 2425 plane
1931 2341 2085 2420 acidum,

1100 2437 1195 2515 deun
1210 2457 1247 2500 es
1262 2435 1308 2500 ist
1323 2427 1516 2520 scherpffer
1531 2435 1627 2500 denn
1646 2436 1704 2502 ein
1721 2437 1823 2525 essig.

1198 2550 1260 2621 Vs.
1276 2550 1360 2623 127.
1386 2552 1510 2620 Felicis
1521 2553 1621 2643 mali]
1648 2551 1770 2633 idest,
1797 2555 1927 2624 citrini.
1980 2557 2087 2626 Citri·
2176 2640 2180 2645 ,

1100 2679 1209 2738 nurn,
1255 2677 1403 2743 pomum
1441 2674 1609 2733 aureum,
1657 2653 1868 2736 limonium,
1903 2670 1987 2723 sunt
2014 2669 2086 2725 tres

1103 2769 1273 2846 cognatae
1289 2754 1435 2844 species,
1451 2767 1486 2822 et
1500 2755 1701 2844 promiscue
1713 2768 1843 2823 vocant
1855 2761 2085 2852 χρυσομῆλα.

1102 2860 1224 2930 Felicis
1237 2858 1335 2949 mah]
1361 2856 1396 2924 id
1415 2868 1485 2938 est,
1513 2857 1613 2946 pomi
1628 2857 1764 2940 citrini,
1797 2860 1893 2950 quod
1911 2873 1964 2928 est
1979 2883 2086 2949 rugo-

163 3024 304 3097 Vs.96.
333 3024 505 3116 pamm-3]
542 3026 577 3092 id
614 3039 685 3109 est,
728 3028 850 3096 vinum
880 3026 917 3091 in
945 3024 1050 3093 Cam·
1074 2960 1079 3147 i
1103 2962 1673 3142 {pppnppmlpyuilappiocppnrnodum
1698 2961 1931 3030 cancellatum
1955 2974 1991 3030 et
2016 2963 2088 3031 sul.

1603 3063 1726 3152 leuger
1753 3064 1855 3129 denn'
1878 3064 1937 3130 ein
1960 3086 2086 3153 spann.

1104 3165 1241 3253 Felicis]
1267 3165 1351 3256 quia
1369 3161 1477 3231 habet
1493 3163 1692 3232 mirabilem
1707 3163 1779 3231 vim
1797 3176 1921 3231 contra
1937 3186 2088 3248 venena,

1103 3271 1195 3338 sicut
1217 3266 1384 3336 scribitur
1404 3266 1450 3333 de
1469 3266 1626 3356 quodam
1649 3279 1803 3357 tyranno
1821 3264 1993 3348 Pontico,
2027 3267 2088 3359 qui
2161 3292 2166 3302 ·

1105 3372 1230 3442 solitus
1246 3380 1299 3439 est
1313 3365 1466 3435 invitare
1480 3369 1524 3434 ad
1538 3391 1575 3436 se
1591 3392 1674 3438 siros
1691 3369 1804 3449 cives,
1837 3381 1944 3461 atque
1960 3368 2009 3437 ita
2025 3391 2089 3437 vo·

1107 3474 1192 3543 catis
1207 3473 1379 3564 praebere
1394 3492 1585 3551 vencnum,
1606 3471 1696 3540 sicut
1708 3472 1824 3539 solent
1839 3469 1985 3560 tyranni
2001 3493 2088 3561 prae

1107 3601 1144 3647 se
1174 3579 1266 3644 ferre
1298 3573 1523 3655 comitatem,
1562 3584 1735 3663 etpostea
1761 3571 1886 3640 tollere
1912 3566 2089 3654 homines,

1107 3694 1279 3771 tanquam
1297 3676 1470 3746 inescatos
1485 3674 1557 3745 suis
1571 3673 1764 3743 blanditiis.
1804 3672 1882 3741 Hoc
1898 3685 2088 3765 postquam

1108 3793 1294 3853 senserunt
1308 3781 1419 3859 cives,
1452 3801 1542 3870 quos
1563 3777 1758 3857 invitabat,
1790 3798 1856 3842 nec
1879 3787 2001 3842 tamen
2027 3797 2089 3843 au·

1110 3889 1235 3954 decent
1258 3886 1454 3951 detrectare
1479 3879 1706 3949 autoritatem
1729 3876 1894 3969 tyranni,
1932 3890 2090 3966 sumpse·
2207 3954 2208 3957 Ἴ

1109 3999 1195 4059 runt
1208 3987 1307 4076 prius
1323 3984 1520 4074 pauxillum
1536 3982 1672 4050 conditi
1691 3978 1897 4060 citrinitati,
1929 3989 1964 4047 et
1986 4001 2091 4045 vene·

1109 4115 1194 4159 num
1213 4086 1370 4156 nonfuit
1385 4087 1516 4153 efficax.
1568 4083 1691 4151 Simile
1707 4083 1908 4171 exemplum
1931 4080 2091 4170 proxime
2203 4119 2208 4125 ·

1110 4186 1372 4279 audivistisffl),
1397 4187 1532 4277 dequo
1554 4180 1760 4253 Athenaeus
1774 4182 1914 4265 scribit,
1938 4194 2004 4252 etc.

1212 4307 1273 4377 Vs.
1293 4303 1378 4377 129.
1403 4298 1555 4373 lunaria
1578 4303 1692 4393 mio]
1708 4300 1913 4389 'Coniungit
1935 4300 2093 4369 incanta.

1109 4414 1227 4484 tiones
1245 4423 1280 4478 et
1295 4429 1443 4477 venena.
2049 4402 2068 4429 ··
2086 4436 2089 4441 .

1212 4528 1274 4599 Vs.
1290 4527 1376 4597 130.
1403 4522 1503 4614 Agit]
1528 4520 1653 4602 idest,
1677 4517 1791 4610 pellit.

1212 4649 1273 4718 Vs.
1291 4648 1375 4717 181.
1399 4644 1586 4716 Simillimu
1601 4643 1715 4726 lauro]
1740 4637 1839 4706 Sicut
1856 4660 1919 4726 ego
1936 4632 2010 4704 vidi
2024 4632 2096 4703 Au··

1114 4750 1290 4846 gustaew)
1306 4748 1401 4839 apud
1412 4742 1610 4814 Furcarom
1635 4722 1822 4822 arborem,
1847 4763 1940 4832 quae
1961 4737 2097 4806 ferebat

78 4877 178 4961 thus,
205 4869 513 4949 sicutsoliludaei
531 4866 711 4938 habebant
730 4869 902 4940 balsama.
952 4859 1063 4930 Dedit
1114 4880 1221 4948 poma
1242 4874 1362 4921 aurea.
1409 4846 1458 4916 Et
1472 4846 1531 4913 illa
1548 4844 1740 4914 admodum
1758 4850 1836 4911 erat
1851 4839 1966 4908 vicina
1983 4840 2097 4907 lauro.

79 4995 198 5051 autem
222 4979 320 5048 Deus
343 4970 478 5044 ludaeis
501 4973 721 5053 balsamum,
754 4961 1062 5063 quiaerantmili-
1116 4956 1218 5059 Scitis
1235 4966 1353 5023 antem
1368 4949 1588 5030 limonium,
1603 4966 1754 5037 pomum
1769 4966 1915 5014 aureum
1944 4962 2035 5019 esse,
2063 4948 2098 5004 et

77 5097 153 5164 tes,
178 5094 213 5150 et
232 5077 638 5149 habehautmsndatum
662 5073 823 5142 militiae.
874 5064 1064 5140 Nimbu—
1111 5059 1286 5129 citrinum
1317 5051 1450 5123 habere
1473 5063 1544 5121 tres
1574 5060 1743 5140 cognatas
1766 5045 1909 5138 species.
1975 5040 2098 5108 Limo-

80 5204 222 5254 samum
245 5193 297 5250 cst
318 5178 556 5248 efficacissima
583 5199 639 5246 res
668 5175 706 5242 ln
738 5174 838 5248 om‘ni
860 5168 1065 5273 ἐιιιειιὶοὓθε
1114 5184 1368 5281 ,.....·-.’-,,

84 5351 296 5367 ...ι---κ--ο

1151 5327 1199 5392 28)
1218 5327 1283 5376 scil.
1302 5325 1330 5374 in
1348 5278 1558 5385 droiagomann
1576 5319 1611 5368 cd
1629 5319 1698 5367 tnnc
1719 5316 1765 5365 uo.
1780 5312 1813 5360 u.
1831 5312 1950 5372 (icore,
1970 5307 2033 5354 vtde
2051 5315 2101 5354 su·

116 5448 167 5507 η)
185 5444 345 5503 oreiam]
363 5394 466 5491 nc'na.
478 5442 635 5504 wigone
659 5414 707 5490 na]
724 5438 797 5488 issa.
818 5437 845 5486 n
864 5437 941 5486 textu
960 5396 1066 5505 orest-
1081 5394 1096 5508 'l
1185 5407 1237 5458 Ρη
1259 5408 1283 5454 ¹³·
1297 5393 1356 5443 ³⁷⁷·

151 5520 213 5578 ter,
236 5513 264 5563 in
280 5513 332 5564 roc
348 5512 490 5561 comment.
510 5511 655 5572 correptet
680 5506 840 5562 mertam.
961 5504 964 5509 '
1032 5522 1036 5529 ·
1092 5509 1096 5546 ι
1151 5495 1362 5562 maingenae
1380 5491 1595 5543 vindelicam:
1646 5502 1693 5545 :s
