4784 6256
180 288 261 363 609
505 284 594 360 XCI.
652 285 936 363 ENARRATIO
968 287 1099 363 LIBRI
1124 287 1183 363 XI.
1218 281 1692 361 METAMORPHOSEON
1725 283 1886 362 OVlDll.
2135 294 2211 366 610

180 455 351 552 Orpheae
373 456 545 543 similem,
591 472 626 529 et
646 460 770 532 furtim
794 463 979 534 abstulisse
1007 463 1166 534 divinam
1221 459 1406 533 habendae
1428 459 1634 533 facultatem
1664 458 1831 551 praebes:
1884 459 2002 529 omnis
2033 462 2129 531 enim
2162 468 2209 549 ci,-

182 563 282 631 illam
314 562 459 653 lyram,
506 561 707 655 intemplo
738 556 919 656 Apollinis
952 563 1173 660 sisspensam,
1223 565 1320 636 vium
1345 586 1451 647 cura,
1485 561 1673 656 omnisque
1694 584 1753 632 ars
1775 574 1838 632 tuo
1861 560 1959 632 iussu
1982 562 2022 630 in
2045 567 2209 656 parando
2257 622 2260 633 .

183 686 256 758 qna
280 663 320 732 in
340 663 603 755 permulcendis
624 667 710 737 feris
731 663 919 759 Orpheum
948 669 1172 747 imitaretur:
1224 691 1312 737 auro
1328 676 1511 748 versatur,
1538 677 1579 735 ut
1591 688 1701 733 nemo
1726 664 1799 732 iam
1822 686 1928 753 agros
1952 666 2066 749 colat,
2099 690 2208 738 nemo
2328 668 2336 681 '

179 766 243 837 sed
281 760 376 834 banc
401 765 658 837 imitationem
700 769 735 838 ei
770 770 960 840 infeliciter
999 771 1171 842 evenisse.
1223 767 1347 839 honos
1365 779 1551 850 conserat,
1577 768 1664 837 dum
1683 766 1722 834 in
1737 760 1794 836 his
1807 765 1985 836 fodiendis
2001 789 2043 835 ac
2064 772 2209 862 perqui-

181 867 300 940 Noctu
325 868 522 938 enimcum
540 869 833 941 obambulantem
857 871 897 941 in
918 875 1110 956 suburbio,
1137 884 1173 941 et
1224 870 1361 954 tendis,
1388 893 1482 965 quae
1495 868 1644 939 minime
1658 867 1739 940 usui
1753 892 1828 938 esse
1844 879 2005 961 possunt,
2031 880 2095 939 tuo
2110 871 2209 942 iussu

182 968 348 1062 imperite
373 983 561 1041 canentem
582 972 681 1065 lyra,
715 973 882 1045 excivisse
906 998 1031 1048 omnes
1053 998 1172 1058 canes,
1224 997 1348 1045 omnes
1370 985 1454 1043 sunt
1476 972 1660 1064 occupati,
1698 993 1765 1039 nec
1787 972 1893 1063 pauci
1919 970 2027 1041 etiam
2050 971 2208 1042 eiusdem

180 1071 296 1166 iisque
312 1073 522 1146 coeuntibus
537 1074 644 1145 fuisse
659 1074 914 1147 dilaceratum.-

269 1241 444 1330 Anguis
480 1254 621 1333 caput
652 1240 827 1334 Orphei
855 1246 1075 1319 mordens.

232 1373 310 1445 Vss.
326 1372 377 1445 56
393 1401 445 1468 sq.
509 1382 703 1466 peregrinis
717 1383 840 1469 anguis
855 1385 972 1449 arenis

233 1480 280 1547 Os
297 1481 394 1565 petit.

283 1593 423 1685 Anguis
444 1594 483 1664 in
503 1593 637 1665 silicem
661 1608 842 1679 mutatus,
869 1595 932 1690 qui
949 1591 1089 1688 Orphei
1113 1619 1169 1664 ca-

180 1707 247 1787 put
260 1695 434 1767 laceravit
447 1720 590 1780 morsu,
614 1698 684 1767 fuit
697 1695 848 1768 Lesbius
862 1698 920 1793 (ut
935 1697 1083 1791 opinor)
1107 1698 1169 1766 ob

180 1807 370 1881 trectator,
411 1798 474 1893 qui
504 1810 688 1869 mortuum
716 1800 909 1871 insectatus
933 1812 997 1871 est.
1062 1800 1169 1870 Tales

181 1896 278 1965 enim
292 1911 425 1969 sunt-et
440 1924 555 1991 angue
574 1900 810 1986 crudeliores,
837 1915 873 1971 et
882 1902 1046 1973 duriores
1060 1901 1169 1984 silice,

179 1996 243 2090 qui
258 1999 390 2070 famam
408 2002 588 2072 bonorum
605 1999 817 2088 hominum,
843 2005 1053 2098 praesertim
1071 2027 1169 2073 mor·

179 2111 346 2186 tuorum,
371 2104 542 2176 lacerant.

229 2267 380 2337 Midae
422 2283 637 2341 contactu
678 2274 830 2342 omnia
881 2272 1016 2344 versa
1062 2276 1107 2343 in

584 2394 758 2445 aurum.

265 2499 403 2591 ‚Midae
436 2503 558 2572 fabula
591 2504 697 2574 docet
729 2507 908 2577 infinitam
935 2508 1166 2601 cupiditatem

179 2601 260 2672 auri
275 2603 382 2694 longe
400 2603 616 2675 deteriorem
633 2631 709 2677 esse
723 2622 953 2700 paupertate:
988 2610 1097 2707 idque
1121 2611 1167 2682 si·

179 2704 322 2796 gnificat
336 2718 462 2796 poeta,
485 2730 565 2775 cum
583 2707 702 2802 inquit
728 2708 778 2807 (V
778 2736 823 2783 ss.
842 2713 914 2787 129
926 2711 1013 2807 sq.):

231 2828 333 2913 Copia
350 2824 443 2893 nulla
455 2823 582 2912 famem
600 2830 744 2913 relevat,
766 2832 850 2901 'sitis
863 2836 975 2903 ardua
988 2830 1035 2925 15)
1049 2843 1167 2923 pullus·

234 2929 332 3008 Urit,
358 2936 390 2993 et
405 2929 516 2995 inviso
532 2933 652 2998 merito
667 2928 714 3025 ⁷⁶)
731 2943 907 3026 torquetur
920 2936 962 3003 ul
977 2959 1071 3004 auro.

178 3044 287 3133 Apud
315 3040 549 3114 Plutarchum
589 3060 686 3116 extat
722 3045 872 3121 historia
909 3049 993 3124 huic
1023 3056 1165 3127 fabulae

140 3218 148 3225 ,
177 3168 291 3237 prope
321 3145 468 3229 similis,
500 3149 545 3216 de
566 3144 721 3242 Pythio,
753 3154 915 3246 principe
940 3179 1071 3241 avaro,
1103 3158 1166 3253 qui

178 3246 332 3318 inventis
349 3248 580 3333 aurifodinis,
607 3273 689 3322 cum
704 3277 829 3327 omnes
844 3257 938 3329 cives
953 3260 1112 3330 eruendo
1130 3272 1166 3330 et

179 3349 368 3418 conflando
385 3373 476 3420 auro
492 3352 543 3421 ita
558 3352 744 3446 fatigaret,
769 3371 812 3428 ut
829 3359 926 3429 aliud
952 3358 1045 3430 nihil
1059 3384 1165 3454 agere

178 3463 341 3542 possent,
365 3453 541 3547 multique
559 3456 606 3524 ob
621 3458 755 3529 laboris
769 3461 1054 3553 magnitudinem
1070 3463 1165 3556 peri-

177 3566 276 3622 rent:
313 3576 406 3623 uxor
433 3556 509 3626 eius
530 3558 722 3648 prudentia
747 3573 782 3630 et
803 3563 982 3654 probitate
1002 3564 1164 3658 insignis,

177 3655 266 3723 clam
293 3651 463 3727 adhibitis
484 3659 676 3731 aurifabris
701 3684 848 3733 auream
878 3689 1062 3752 mensam,
1102 3672 1164 3737 ast-¹

175 3778 258 3824 reos
280 3778 391 3845 panes
414 3769 451 3825 et
471 3759 573 3827 varia
593 3761 755 3832 ciborum
778 3765 912 3836 fercula
933 3792 985 3857 ex,
999 3793 1090 3840 auro
1112 3770 1164 3839 la-

140 3855 320 3928 ‚brederi
370 3857 534 3938 curarit;
584 3861 715 3953 quibus
757 3864 947 3958 diligenter
990 3873 1164 3944 studiose-¹

176 3978 248 4048 que
282 3955 478 4040 confectis,
528 3958 691 4051 Pythio,
739 3967 803 4058 qui
836 3969 912 4039 dies
945 3971 1084 4067 aliquot
1109 3975 1163 4043 ab

174 4058 266 4127 urbe
281 4057 463 4141 abfuerat,
495 4059 643 4132 domum
663 4070 860 4139 revertenti
880 4082 917 4139 et
936 4076 1060 4163 parari
1084 4100 1163 4146 coe-

174 4183 259 4230 nam
285 4160 485 4252 postulanti
515 4164 645 4236 mulier
672 4190 819 4241 auream
849 4195 1010 4245 mensam
1042 4176 1164 4249 afferri

174 4262 297 4347 iussit,
322 4261 447 4357 inqua
466 4258 559 4335 nibil
573 4269 732 4361 quidem,
752 4275 856 4367 ‘quod
871 4274 929 4345 edi
943 4291 1075 4367 posset,
1101 4290 1164 4373 ap-

175 4365 332 4455 positum
346 4378 442 4448 erat;
474 4370 537 4441 sed
553 4372 676 4441 omnia
694 4395 736 4443 ex
751 4397 841 4446 auro
855 4378 1061 4452 fabrefacta.
1110 4383 1164 4452 Ac
1241 4440 1250 4457 .

175 4466 456 4563 primoquidem
474 4472 644 4563 adspectu
666 4475 809 4565 gavisus
829 4493 883 4551 est
896 4475 1048 4573 Pythius
1070 4484 1162 4555 mira

176 4581 252 4637 arte
266 4570 491 4660 'conspiciens
506 4573 645 4665 singula
661 4578 862 4650 elaborata:
885 4582 970 4651 inde
985 4584 1064 4654 auri
1078 4609 1162 4654 con·

175 4671 410 4762 templatioue
424 4671 498 4740 iam
515 4675 656 4746 abunde
680 4681 849 4767 satiatus,
879 4683 948 4754 sibi
968 4684 1087 4757 dbum
1111 4689 1162 4755 af-

174 4772 262 4851 ferri
279 4773 472 4862 praecepit.
508 4771 643 4847 Verum
660 4804 752 4855 uxor
766 4797 906 4869 amm,
932 4808 1023 4879 quae
1039 4798 1162 4880 postu·

175 4874 304 4973 lasset,
329 4896 373 4941 ex
388 4894 478 4943 auro
493 4877 652 4947 conlecta
668 4880 813 4955 iubebat
826 4887 982 4979 apponi;
1009 4912 1162 4985 cumque

174 4974 237 5043 ille
261 4973 445 5046 iracundia
475 4977 633 5069 percitus
664 4984 797 5055 esurire
824 5010 862 5058 se
892 4989 1162 5078 vociferaretur,

174 5099 293 5167 neque
314 5103 351 5149 se
373 5101 502 5148 aurum
523 5079 562 5151 id
586 5085 758 5175 temporis
781 5088 934 5181 amplius
957 5116 1160 5186 exposcere:

177 5177 230 5245 ibi
246 5170 324 5246 illa:
352 5178 412 5250 Tu
425 5204 512 5250 vero
526 5180 680 5279 (inquit)
695 5187 827 5261 nullius
843 5191 895 5262 rei
911 5210 1054 5284 praeter
1069 5193 1162 5267 hanc

176 5321 384 5334 ”-

246 5467 355 5520 ttttscn.
374 5471 464 5523 ortas
477 5498 512 5510 -
522 5474 654 5528 summ.

170 5542 364 5617 Hroasrn.
383 5553 488 5620 Orsa
520 5556 606 5621 Vos..
621 5556 709 5623 xlx
760 5588 765 5599 ·

1223 1076 1275 1144 rei
1295 1098 1401 1145 causa
1415 1074 1629 1146 moriantur.
1689 1071 1764 1141 Hac
1790 1073 1954 1144 oratioue
1976 1096 2051 1142 non
2070 1074 2209 1145 medio·

1224 1177 1330 1246 criter
1354 1187 1554 1247 commotus
1570 1169 1723 1269 Pythius
1745 1198 1894 1244 avarum
1918 1200 2023 1247 suum
2046 1177 2207 1248 animum

1224 1279 1478 1360 commutarit,
1501 1289 1536 1346 et
1554 1277 1715 1372 quintam
1733 1278 1905 1348 duntaxat
1922 1278 2052 1349 civium
2067 1291 2209 1370 partem

1222 1381 1260 1449 in
1286 1403 1395 1471 opere
1421 1379 1616 1460 continuit;
1658 1392 1816 1450 caeteros
1845 1390 1921 1450 tum
1958 1381 2208 1474 agriculturae,

1223 1494 1298 1551 tum
1316 1483 1396 1552 aliis
1413 1483 1548 1552 artibus
1565 1504 1712 1574 operam
1734 1482 1822 1550 dare
1841 1480 1956 1554 iussit.
2013 1483 2110 1554 llaec
2123 1484 2209 1554 Plu·

1222 1578 1366 1655 tarchus
1381 1583 1418 1651 in
1435 1582 1498 1654 lib.
1514 1583 1559 1651 de
1577 1583 1681 1653 claris
1698 1583 1907 1658 mulieribus
1919 1584 1979 1682 7θ).
2101 1662 2107 1670 ,

1288 1732 1291 1737 -
1324 1684 1512 1755 Caeterum
1528 1683 1651 1754 Midae
1665 1684 1923 1758 dissimillimus
1945 1686 2014 1757 fuit
2030 1710 2093 1757 rex
2106 1685 2207 1758 Salo·

1223 1809 1329 1870 mon,
1371 1787 1434 1881 qui
1465 1787 1580 1855 delata
1611 1786 1681 1857 sibi
1713 1786 1880 1877 optione,
1919 1811 1996 1858 non
2016 1789 2208 1862 immensas

1221 1911 1324 1979 opes,
1351 1913 1417 1957 nec
1434 1888 1542 1958 totius
1560 1889 1657 1957 orbis
1671 1887 1883 1978 imperium,
1914 1892 1976 1959 sed
1994 1891 2209 1981 sapientiam

1221 1989 1336 2080 elegit.
1378 1989 1645 2061 Dissimillimus
1659 1989 1745 2058 item
1759 1990 1828 2059 fuit
1840 1990 2002 2062 Ubaldus
2017 1990 2210 2076 Feretrius,

1220 2091 1351 2163 Urbini
1366 2093 1459 2176 dux,
1485 2091 1547 2186 qui
1570 2116 1609 2163 se
1631 2090 1808 2183 sapientia
1832 2107 2135 2167 commutaturum
2162 2095 2210 2190 (si

1219 2193 1297 2263 lieri
1312 2197 1448 2291 posset)
1464 2216 1587 2265 omnes
1599 2217 1681 2264 suas
1697 2195 1862 2267 fortunas
1877 2208 2024 2268 testatus
2038 2211 2104 2282 est,
2128 2222 2209 2269 cum
2307 2203 2310 2207 ’

1219 2294 1327 2378 dixit,
1353 2319 1391 2366 se
1404 2298 1451 2366 ad
1469 2308 1716 2388 paupertatem
1732 2298 1991 2386 deventurum,
2015 2299 2046 2370 si
2067 2300 2208 2393 sapien·

1219 2394 1270 2466 tia
1285 2410 1424 2467 veneat.
1476 2396 1528 2467 Ut
1541 2397 1650 2487 igitur
1673 2393 1780 2470 huius
1800 2399 1973 2493 principis
1994 2413 2030 2470 et
2043 2400 2207 2474 Salomo-

1218 2497 1274 2569 nis
1291 2510 1417 2569 votum
1434 2500 1479 2569 ab
1501 2497 1669 2569 omnibus
1693 2499 1880 2573 laudatur:
1911 2502 1962 2572 ita
1986 2517 2131 2575 econtra
2154 2506 2207 2574 vi·

1219 2612 1405 2692 tuperatnr
1436 2601 1612 2692 cupiditas
1643 2601 1743 2682 auri,
1783 2626 1895 2696 quam
1918 2605 2037 2676 Midas
2067 2601 2206 2679 hahuit.

1218 2700 1270 2771 Ac
1298 2703 1470 2796 quoniam
1500 2703 1662 2797 plerique
1685 2727 1809 2794 regum
1832 2729 1874 2775 ac
1893 2706 2098 2798 principum
2122 2720 2206 2778 sunt

1218 2818 1280 2875 aut
1292 2828 1441 2896 prorsus
1454 2804 1630 2876 illitterati
1643 2818 1706 2875 aut
1723 2804 1960 2893 indoctiores,
1983 2831 2093 2905 quam
2103 2820 2146 2883 stt
2160 2811 2205 2881 de

1218 2907 1373 2991 musica,
1393 2905 1477 2978 :hoc
1500 2923 1570 2991 est,
1600 2902 1655 2979 'de
1671 2908 1802 2980 litteris
1824 2923 1861 2980 et
1883 2904 2043 2983 honestis
2069 2911 2205 2984 artibus

1218 3021 1312 3078 recte
1327 3009 1486 3080 iudicare
1502 3010 1658 3102 possiut;
1681 3035 1767 3081 nam
1784 3010 1824 3080 in
1838 3012 1950 3099 aulis,
1975 3027 2017 3085 ut
2030 3013 2205 3098 videmus,

1217 3110 1429 3206 plerumque
1450 3113 1689 3183 semilitterati
1703 3113 1918 3186 doctissimis
1932 3117 2204 3209 praeferuntur:

1217 3213 1299 3283 ideo
1329 3229 1456 3306 poetae
1485 3215 1665 3285 finxerunt
1688 3213 1828 3286 Midam
1857 3243 2002 3314 qnoque
2031 3219 2206 3287 admirari

1217 3316 1447 3404 agrestiorem
1466 3318 1657 3400 musicam,
1682 3340 1748 3385 nec
1772 3319 1891 3389 favere
1907 3321 2080 3413 Apollini.
2133 3320 2206 3390 Ta·

1215 3416 1267 3486 les
1283 3418 1377 3487 enim
1400 3419 1522 3487 Midae
1545 3442 1629 3488 raro
1649 3420 1771 3489 favent
1794 3421 1940 3507 studiis,
1980 3422 2110 3517 quibus
2136 3423 2205 3515 ipsi

1216 3543 1291 3588 non
1311 3534 1394 3591 suut
1422 3521 1567 3601 exculti;
1610 3543 1651 3588 ac
1676 3521 1803 3593 melius
1825 3522 2021 3595 diiudicare
2041 3539 2203 3616 possunt,

1216 3633 1257 3690 ut
1278 3623 1419 3712 clangat
1439 3623 1546 3705 tuba,
1586 3643 1695 3715 quam
1718 3634 1758 3692 ut
1781 3647 1953 3695 numerus
1976 3626 2016 3694 in
2039 3626 2203 3695 oratione

1217 3723 1273 3790 vel
1295 3724 1333 3792 in
1355 3747 1460 3794 versu
1484 3735 1565 3814 apte
1591 3723 1704 3794 cadat.
1773 3724 1952 3809 Antaeus,
1988 3722 2201 3818 Scytharum

1216 3849 1300 3909 rex,
1324 3826 1438 3905 fertur
1452 3826 1651 3909 dictitasse,
1675 3850 1715 3898 se
1727 3828 1842 3919 magis
1864 3827 2032 3899 delectari
2058 3824 2202 3899 hinnitu

1216 3948 1413 4020 equorum,
1453 3950 1563 4024 quam
1589 3941 1698 3999 cantu
1729 3944 1765 4000 et
1792 3927 2021 4023 symphonia.
2087 3929 2204 4002 Huius
2282 3972 2288 3981 ·

1216 4053 1319 4109 aures
1333 4030 1476 4119 aMnsis
1489 4043 1563 4101 tam
1580 4030 1715 4109 alienas
1741 4045 1777 4103 et
1791 4029 2046 4117 abhorrentes,
2067 4032 2203 4128 quisfl)

1215 4156 1291 4201 non
1320 4132 1479 4205 asininas
1509 4131 1664 4205 dixeritl
1731 4132 1830 4226 Ergo
1865 4162 1941 4207 nou
1971 4134 2120 4208 dubium
2149 4148 2203 4205 est
2310 4192 2315 4203 .

1215 4230 1309 4305 hanc
1320 4235 1481 4307 fabulam
1498 4237 1782 4306 esse'conlictam
1804 4236 1844 4309 in
1866 4239 2048 4332 principes
2072 4261 2201 4311 avaros

1215 4350 1252 4408 et
1271 4337 1456 4423 indoctos,
1493 4337 1623 4431 quibus
1643 4338 1758 4429 pluris
1778 4352 1832 4412 est
1857 4364 1985 4414 aurum
2010 4365 2119 4436 wem
2145 4365 2202 4414 sa·

1214 4439 1370 4533 psentia,
1417 4441 1571 4511 infantia
1606 4464 1715 4535 quam
1745 4442 1971 4537 eloquentia,
2018 4445 2202 4519 barbaries

1215 4566 1325 4639 quarn
1340 4544 1507 4616 eruditio.
1552 4541 1678 4638 Neque
1694 4544 1792 4617 aliud
1808 4560 1894 4619 sunt
1907 4571 2011 4619 aures
2027 4549 2202 4633 asininae,

1214 4668 1306 4738 quae
1327 4644 1453 4721 Midae,
1472 4647 1710 4737 affinguntur,
1748 4649 1821 4720 nisi
1848 4675 1952 4723 aures
1980 4652 2199 4725 ineruditae:

1215 4747 1357 4819 tametsi
1377 4750 1572 4826 earundem
1594 4749 1766 4842 allegoria
1788 4753 1901 4843 possit
1923 4753 2033 4826 etiam
2058 4758 2105 4826 ad
2129 4757 2201 4829 alia

1213 4849 1351 4922 referri.
1522 4866 1555 4911 '·
1722 4908 1726 4917 .

1313 4948 1470 5023 lustinus
1485 4953 1595 5024 refert
1617 4955 1664 5024 ad
1686 4955 1865 5030 delatores
1886 4969 1922 5029 et
1944 4959 2200 5053 exploratores,

1214 5076 1370 5147 quorum
1384 5067 1469 5127 sunt
1483 5054 1588 5127 multi
1600 5055 1639 5127 in
1657 5057 1749 5131 aulis
1761 5084 1907 5152 regum:
1938 5061 1989 5134 sic
2003 5063 2098 5133 euim
2114 5064 2199 5136 scri·

1122 5327 1153 5389 q·
1246 5318 1295 5379 70)
1315 5318 1454 5372 Plutarch.
1470 5320 1504 5368 de
1522 5320 1666 5370 mulierum
1684 5320 1833 5371 virtutibus
1851 5332 1911 5385 cap.
1929 5322 1996 5385 ult,
2021 5322 2067 5372 ubl
2084 5322 2118 5371 de
2136 5321 2196 5385 ay-

211 5395 258 5462 75)
276 5400 374 5450 arduo
391 5427 426 5437 -
441 5406 562 5466 asscito]
588 5405 629 5456 sio
654 5407 738 5464 nutet.
759 5413 853 5479 leals,
880 5415 978 5481 ΝΜ
1011 5417 1088 5471 orte
1107 5420 1161 5475 Ed.
1184 5446 1190 5534 Ι

1282 5388 1338 5436 stet
1356 5399 1441 5437 uxore
1458 5387 1580 5436 disserit.

1247 5488 1296 5549 η)
1314 5491 1394 5553 aaa]
1411 5488 1453 5540 su
1469 5488 1728 5628 accccssssgors.
1746 5489 1821 5542 ssss.
1840 5466 1928 5544 nito:
1954 5491 2025 5557 qus
