4784 6256
162 329 261 454 ‘⁵⁴⁹1

507 317 609 391 =xct
662 312 950 392 ENARRATIO
976 311 1108 385 LIBRI
1133 313 1177 385 V.
1205 304 1683 405 natationeflosuon
1709 305 1870 380 OVlDll.
2028 305 2041 317 ’

2143 305 2219 380 560

730 619 734 625 ¹
803 520 851 592 ln
876 519 1115 595 librum-V.
1142 512 1593 607 Metamorphoseon.

271 697 472 793 Cepheni
497 697 710 766 Perseum
738 680 1072 788 oppugnantes.

226 857 285 930 νε.
299 852 337 928 5.
376 859 483 947 laque
496 852 690 940 repentinas
712 853 864 921 mavinia
881 850 1171 955 ocreatumultua.

278 973 473 1047 Tumultus
488 982 524 1040 et
536 992 657 1062 pugna
673 965 929 1063 Cephenorum
945 972 1069 1057 docet,
1083 997 1169 1043 con-

178 1080 274 1151 vivia
292 1091 326 1148 et
344 1073 614 1169 perpotationes
635 1096 741 1164 saepe
765 1072 804 1142 in
825 1073 1003 1146 bellorum
1026 1088 1169 1168 tragoe-

177 1184 257 1257 dias
272 1179 384 1263 verti,
410 1177 588 1270 motisque
605 1176 715 1246 armis
731 1175 770 1242 in
783 1188 903 1269 partes
919 1172 1097 1262 abstrahi,
1114 1204 1172 1248 ex·

179 1297 297 1380 pertes
313 1283 444 1352 frustra
460 1278 546 1348 belli
563 1290 599 1346 et
621 1291 750 1349 neutra
774 1302 874 1347 arma
896 1291 1055 1364 secutos,
1081 1281 1172 1352 sicut

180 1388 383 1479 exemplum
397 1376 480 1451 ldae
499 1381 539 1449 in
559 1376 627 1450 hac
654 1404 773 1473 pugna
798 1393 967 1460 testatur;
1000 1382 1085 1452 item
1108 1386 1171 1454 do-

181 1503 254 1573 cet,
288 1499 443 1583 quantus
456 1483 502 1555 sit
515 1486 619 1553 furor
634 1482 951 1568 tumultuantium,
984 1510 1092 1579 quam
1117 1488 1171 1554 in-

182 1593 311 1685 dignae
329 1590 455 1659 caedes
471 1588 579 1669 liant,
605 1587 667 1656 nbi

233 1710 311 1808 (Vs.
324 1709 404 1805 41.)
432 1711 614 1779 indomitas
631 1710 778 1777 ardescit
793 1710 909 1797 culpus
924 1688 963 1777 ia
978 1712 1061 1780 iras.

181 1833 326 1925 Quippe
349 1828 448 1913 omni
464 1825 669 1897 discrimine
686 1824 780 1896 sacci
795 1838 831 1895 et
854 1828 997 1916 profani
1019 1842 1173 1914 remoto,

181 1933 408 2003 trucidantur
430 1928 715 2000 innocentissimi
736 1928 890 2022 quique,
916 1930 1024 2000 etiam
1040 1933 1104 2025 qui
1117 1955 1174 2001 at·

182 2035 251 2108 mis
265 2033 464 2115 abstinent,
491 2034 714 2114 sacerdotes,
736 2031 883 2114 musici,
908 2058 1023 2105 senes.

231 2154 327 2249 (Vss.
348 2152 593 2245 110-116.)
620 2154 781 2240 Almam
799 2150 865 2238 ¹²),
899 2155 1026 2225 albenti
1047 2158 1175 2227 aelatae

594 2265 745 2341 tempora
762 2257 858 2323 vitta.

288 2363 339 2429 tle
355 2380 502 2450 quoque,
537 2358 706 2443 lapetide,
743 2379 809 2424 aaa
825 2358 886 2427 hos
902 2360 1109 2430 adhibendas
1131 2364 1176 2432 aa

286 2567 356 2634 sea
372 2567 451 2654 qui,
476 2487 691 2650 pacisclleiiii’
722 2567 892 2636 citharam
918 2591 993 2637 ctam
1014 2591 1087 2636 voce
1108 2593 1174 2640 aea·

202 2834 207 2849 ,
286 2771 405 2837 Iussus
422 2787 501 2834 eras
516 2690 803 2860 mellillam
811 2772 1000 2868 festamque
1016 2777 1175 2844 canenda.

289 2871 393 2953 Quem
417 2871 539 2957 praed
568 2875 758 2943 adstantem
786 2878 1016 2971 plectrumque
1046 2879 1203 2946 imbelle!

598 2985 766 3046 tenentem
783 2976 829 3071 ¹³)

287 3076 440 3143 Pettalus
478 3075 629 3145 irrideas
655 3076 720 3166 ¹⁸),
761 3083 896 3172 Stygiis
924 3106 1007 3151 caue
1032 3095 1176 3168 camera,

289 3279 476 3363 Manibus,
502 3289 535 3350 et
550 3181 847 3356 mmmm
861 3297 1008 3376 tempore
1020 3288 1116 3377 asti.

193 3396 236 3470 ln
248 3398 416 3490 periculis
431 3413 552 3471 autem
566 3401 703 3475 Heroes
725 3418 965 3498 proteguntur
986 3407 1176 3479 divinitus:

196 3503 295 3596 quod
317 3515 358 3573 ut
380 3516 487 3595 poeta
512 3504 747 3596 significaret,
780 3510 885 3580 finxit
904 3510 1037 3581 Persea
1054 3512 1177 3582 confli-

194 3617 337 3694 gentem
376 3619 501 3675 contra
540 3620 679 3678 tantam
705 3598 865 3683 hostium
895 3613 1178 3699 multitudinem,

193 3705 336 3797 protegi
351 3707 474 3776 divino
489 3707 626 3801 clypeo.

240 3823 317 3894 Vss.
336 3824 385 3896 46
401 3851 453 3918 sq.
480 3829 613 3898 Bellica
628 3833 748 3901 Pallas
760 3836 866 3917 adest,
882 3847 916 3906 et
927 3841 1072 3927 protegit
1083 3842 1178 3927 aepi-

597 3932 797 4021 defratrem

294 4030 428 4122 Datque
448 4035 590 4103 aaimas.

190 4146 250 4216 Ad
277 4139 386 4229 haee,
421 4150 536 4242 qualis
564 4152 776 4248 plerumque
800 4156 847 4227 sit
880 4159 994 4231 exitus
1016 4162 1100 4230 belli
1127 4162 1179 4229 in·

190 4246 283 4318 iuste
311 4252 484 4342 suscepti,
517 4252 663 4350 eiusque
696 4269 840 4331 autores
863 4262 909 4330 ad
933 4289 1040 4357 qnam
1063 4288 1180 4334 neces·

188 4347 333 4421 sitatem
357 4352 569 4445 adigantur,
611 4358 768 4430 declarat
790 4361 865 4454 ipse
890 4362 1067 4450 Phineus,
1097 4368 1181 4437 belli

192 4455 405 4527 temerarius
423 4470 549 4543 autor,
577 4485 657 4531 cnm
675 4461 810 4556 inquit:

241 4570 336 4662 (Vss.
350 4579 424 4648 221
443 4578 514 4671 sq.)
539 4584 616 4651 Noa
633 4587 791 4668 cessisse,
814 4591 924 4676 piget,-
951 4592 1059 4676 nibil,
1074 4593 1179 4683 asar·
1239 4654 1242 4659 .

601 4687 750 4769 tissime,
773 4700 910 4775 praeter

293 4780 393 4846 Harsa
407 4781 560 4851 animm
575 4789 711 4854 concede
724 4792 809 4858 mili
817 4821 826 4858 ε
847 4801 907 4862 taa
920 4805 1054 4867 caetera
1068 4811 1179 4868 sama.
1267 4852 1270 4857 -

192 4989 399 5001 m·-

231 5133 445 5267 ttzsstgtpas]
469 5136 511 5188 sia
534 5139 618 5191 autc.
644 5144 738 5210 taos„
769 5145 862 5215 assae
893 5151 973 5205 ovid
997 5155 1047 5205 Ed.
1071 5156 1181 5208 ttttscb.

232 5302 282 5363 tt)
308 5308 397 5370 ouem
419 5335 453 5345 -
476 5312 643 5366 adstantem
666 5343 702 5354 -
724 5320 881 5382 tenentem]
916 5323 958 5372 sto
981 5326 1066 5380 cett.
1094 5331 1183 5396 ΙΝ..

265 5373 357 5438 ΝΜ
376 5376 456 5429 ovid.
474 5383 524 5432 Ed.
542 5384 651 5437 Mttscb.
670 5386 727 5439 cut
743 5414 778 5427 -
794 5392 931 5444 adstanti
946 5418 983 5428 -
997 5398 1118 5452 tutati.

228 5478 443 5614 ssim]
465 5486 507 5538 sie
529 5487 615 5539 utet.
641 5491 737 5553 lm,
768 5495 861 5558 tasse
892 5497 975 5549 Μ.
998 5498 1049 5551 la.
1072 5494 1182 5555 lilith.

1326 684 1452 757 Pieri
1480 707 1644 753 novem
1670 682 1801 752 filiae
1829 684 1874 752 in
1901 681 2029 773 picas
2056 681 2116 778 ι5).
2220 722 2223 727 -

1327 803 1446 874 Picae-
1461 825 1545 873 aves
1567 815 1651 873 sunt
1673 802 1839 894 garrulae
1861 799 2028 897 quidem,
2064 803 2127 871 sed
2150 803 2218 871 mi-

1221 906 1319 977 nime
1333 905 1381 1002 ¹⁰)
1404 927 1570 975 canorae.
1623 904 1694 974 Per
1717 898 1782 974 bas
1808 902 2059 995 intelliguntur
2084 905 2219 976 versifi-
2259 982 2284 1013 s

1222 1022 1360 1079 catores
1379 1008 1434 1076 vel
1460 1006 1676 1077 litteratores
1699 1007 1812 1098 inepti
1839 1020 1875 1075 et
1897 1016 2127 1096 arrogantes,
2155 1008 2218 1102 qui

1222 1136 1297 1183 sese
1311 1112 1448 1183 iactant
1461 1110 1702 1181 ostentatione
1720 1109 1870 1200 ingenii,
1889 1120 1998 1202 atque
2015 1108 2138 1179 odiosi
2154 1112 2219 1178 ob-

1222 1225 1387 1304 strepunt
1419 1211 1658 1282 doctioribus:
1701 1212 2009 1305 quemadmodum
2046 1211 2144 1281 Pieri
2184 1227 2218 1281 et

1222 1312 1383 1407 Euippes
1412 1315 1507 1384 filiae
1535 1311 1593 1385 hic
1619 1314 1767 1385 faciunt.
1827 1313 1935 1384 Tales
1958 1313 2046 1381 olim
2071 1315 2219 1385 fuerunt
2346 1374 2349 1381 .

1224 1417 1368 1502 Zoilus,
1407 1417 1580 1507 Cercops,
1619 1412 1903 1509 Amphimancs,
1948 1411 2218 1508 Thymocreon,

1224 1534 1260 1591 et
1271 1518 1428 1603 Bauius,
1457 1522 1520 1613 qui
1539 1517 1719 1603 Homero,
1746 1516 1929 1602 Hesiodo,
1956 1518 2138 1611 Pindaro,
2164 1520 2219 1591 si-

1223 1622 1364 1695 monidi
1383 1622 1422 1691 'et
1444 1620 1597 1712 Virgilio
1619 1622 1906 1713 obstrepuerunt.
1976 1620 2077 1692 Talis
2108 1624 2217 1693 etiam

1223 1726 1292 1797 fuit
1306 1724 1456 1795 Doletus
1473 1734 1599 1792 nostro
1616 1734 1798 1814 tempore,
1825 1722 1886 1817 qni
1903 1723 2034 1813 ineptis
2058 1737 2093 1794 ct
2116 1749 2218 1817 spur·

1225 1828 1274 1900 cis
1296 1826 1456 1899 versibus
1488 1824 1679 1917 exagitavit
1703 1822 1896 1895 Erasmum
1918 1822 2218 1911 Roterodamum,

1226 1932 1345 2002 virum
1362 1931 1407 2001 de
1420 1927 1549 1999 litteris
1566 1927 1701 2019 optime
1717 1926 1900 2000 meritum.
1952 1924 2166 2000 Plutarchus
2181 1933 2219 2022 in

1224 2033 1318 2105 libro
1335 2035 1379 2102 de
1397 2032 1531 2102 musica
1549 2032 1659 2100 refert
1673 2030 1819 2101 Pierum
1837 2027 2038 2101 condidisse
2051 2045 2218 2123 poemata

1226 2139 1270 2206 de
1292 2134 1418 2207 Musis.
1479 2132 1576 2202 llaec
1607 2145 1800 2224 poemata,
1842 2132 1994 2225 opinor,
2035 2134 2218 2224 petillius

1226 2239 1317 2310 filias
1334 2235 1521 2327 intelligit,
1549 2260 1638 2329 quas
1654 2235 1758 2305 aiunt
1772 2235 1878 2307 fuisse
1893 2235 1984 2306 adeo
1999 2250 2219 2327 arrogantes,

1226 2355 1268 2416 nt
1297 2365 1373 2412 non
1403 2338 1604 2411 dubitarint
1628 2360 1829 2430 provocare
1854 2337 1988 2410 Musas.
2042 2336 2219 2409 Credibile

1228 2460 1280 2520 est
1311 2444 1407 2517 enim
1439 2443 1500 2513 illa
1525 2441 1602 2534 ipsa
1626 2453 1798 2535 poemata
1816 2441 1924 2512 fuisse
1948 2465 2025 2511 non
2047 2441 2221 2534 ignobilia

1228 2550 1396 2647 quidem,
1429 2548 1636 2639 sedearnm
1655 2542 1845 2645 religios&
1879 2544 1917 2613 id
1940 2545 2039 2636 qnod
2062 2567 2136 2616 non
2159 2544 2221 2613 ob·

1228 2678 1329 2727 scure
1346 2650 1504 2722 indicare
1521 2647 1665 2717 videtur
1680 2659 1808 2737 poeta,
1837 2670 1917 2727 cum
1932 2644 2066 2739 inquit:

1281 2755 1377 2849 (Vss.
1400 2750 1476 2825 319
1506 2751 1576 2846 sq.)
1612 2752 1711 2822 Bella
1727 2753 1822 2820 canit
1844 2752 2032 2846 Superum,
2069 2747 2224 2850 salsoque

1613 2857 1999 2949 'tietoamectpaatea
2062 2934 2067 2943 ,

1332 2965 1453 3044 Ponit,
1477 2971 1510 3032 et
1525 2971 1690 3032 eeteaaat
1703 2985 1904 3053 magnorum
1915 2961 2014 3052 saeta
2029 2964 2191 3036 Deorum.

1228 3080 1364 3152 Verum
1391 3078 1459 3150 hac
1482 3079 1530 3175 ¹⁷)
1560 3081 1680 3152 fabula
1703 3083 1946 3152 admonentur
1971 3083 2224 3168 adolescentes,

1229 3185 1292 3280 qui
1321 3187 1409 3254 dant
1431 3205 1578 3276 operam
1607 3181 1752 3269 litteris,
1795 3208 1836 3254 ac
1872 3187 2083 3274 praesertim
2112 3188 2227 3279 poeti·

1229 3312 1311 3372 cae,
1344 3299 1385 3357 ut
1408 3309 1553 3365 omnem
1573 3284 1709 3377 ingenii
1737 3285 1832 3369 vim,
1867 3310 2014 3358 omnem
2044 3289 2225 3359 scribendi

1228 3390 1433 3462 facultatem
1464 3389 1652 3459 conferant
1681 3389 1728 3457 ad
1756 3388 1993 3480 religionem,
2040 3391 2224 3484 pietatem,

1227 3490 1473 3574 honestatem,
1500 3490 1688 3571 virtutem
1714 3514 1791 3561 non
1808 3493 1854 3561 ad
1869 3493 2144 3580 scurrilitatem,
2161 3497 2223 3566 ob·
2347 3492 2353 3500 ’

1229 3595 1498 3678 tractationem,
1524 3587 1776 3685 blasphemias.
1829 3593 1924 3664 Nam
1943 3595 2089 3686 spiritus
2109 3600 2224 3689 poeti·

1229 3724 1309 3783 cns,
1334 3696 1507 3793 quoniam
1525 3696 1667 3766 divium
1686 3708 1835 3765 vocatur
1852 3706 1888 3764 et
1903 3719 1923 3765 a
1938 3694 2016 3766 Deo
2032 3710 2103 3781 est,
2129 3700 2222 3769 circa

1229 3825 1287 3872 res
1304 3801 1383 3871 Deo
1400 3812 1517 3892 gratas
1538 3798 1675 3868 versari
1698 3798 1821 3867 debet:
1858 3797 1994 3892 alioqui
2016 3822 2092 3868 non
2111 3824 2223 3886 sacer,

1230 3906 1292 3975 sed
1324 3904 1500 3998 profanus
1521 3913 1574 3973 est
1600 3913 1741 3985 motus,
1770 3923 1837 3969 nec
1863 3896 2039 3972 aethereis
2060 3907 2116 3992 (ut
2136 3902 2224 3974 Ovi·
2281 3952 2285 3959 -

1230 4006 1311 4079 dius
1334 4000 1414 4104 [Vs.
1438 4001 1546 4105 348]
1563 4002 1719 4098 inquit),
1749 4000 1823 4073 'sed
1845 4001 1977 4073 inferni
1998 4005 2142 4079 sedibus
2164 4006 2224 4076 ille

1230 4109 1340 4181 venit.
1390 4106 1437 4177 Et
1451 4126 1531 4176 eam
1552 4108 1599 4175 ob
1622 4130 1764 4177 causam
1783 4102 1909 4176 Musae
1923 4106 2108 4199 linguntur
2125 4106 2223 4179 Deae

1229 4210 1396 4307 Iovisque
1413 4210 1526 4293 tiliae,
1562 4222 1597 4278 et
1613 4209 1793 4277 celebrare
1808 4209 1931 4278 laudes
1949 4208 2106 4296 divinas,
2125 4214 2224 4306 quod
2308 4276 2311 4281 .

1230 4311 1360 4385 harum
1376 4312 1515 4395 studia,
1539 4308 1713 4380 divinitus
1727 4310 1895 4393 inventa,
1920 4310 2053 4383 debent
2067 4313 2136 4384 coli
2157 4338 2223 4406 po-

1230 4416 1408 4489 tissimum
1444 4437 1549 4484 cansa
1570 4412 1773 4504 religionis,
1809 4425 1849 4481 ut
1872 4413 2033 4488 coelestis
2056 4417 2220 4487 doctrina

1232 4530 1465 4593 aamervetur
1479 4528 1587 4609 atque
1601 4526 1833 4608 propagetur.

1232 4691 1390 4763 Musae
1416 4688 1501 4760 alis
1527 4688 1725 4806 sumptis
1753 4686 1953 4780 Pyrenei
1984 4689 2073 4759 vim
2107 4692 2224 4763 ellu-

1658 4803 1800 4881 gaunt.

1284 4911 1345 4982 νε.
1363 4907 1451 4985 254.
1483 4900 1743 5005 Virpiaeumpue
1757 4912 1918 4980 Helicona
1930 4858 2015 4998 petit
2029 4924 2096 4981 etc.

1334 5031 1463 5125 Musae
1478 5024 1581 5126 παρὰ
1595 5024 1639 5102 τὸ
1651 5031 1826 5122 μῶσθαι,
1857 5028 1903 5097 ab
1926 5028 2142 5124 inquirendo
2169 5030 2222 5098 di-

1234 5146 1311 5203 ctae
1327 5147 1426 5210 sunt;
1454 5144 1548 5202 artes
1563 5133 1659 5202 enim
1675 5134 1874 5202 litterarum
1889 5132 2097 5226 inquirunt,
2113 5136 2223 5213 bona,
2332 5148 2335 5153 '

1234 5270 1440 5286 *ου-...ι-

1253 5330 1320 5390 as)
1339 5332 1418 5383 one
1436 5333 1504 5385 uss.
1519 5334 1565 5397 v,
1581 5331 1635 5384 ωε
1651 5345 1711 5394 nm·

1272 5418 1319 5474 ts)
1336 5417 1460 5534 Ιιιίὶῖιῃίιιο]
1478 5419 1519 5467 sic
1536 5419 1586 5469 Ed.
1609 5418 1683 5468 tbtt.
1704 5420 1746 5477 o.;
1771 5417 1953 5470 satietate.
1969 5429 2012 5481 1.,
2042 5419 2115 5470 tw.
2136 5422 2225 5470 mue:

1304 5497 1361 5534 min
1399 5495 1442 5536 ae.

1274 5570 1323 5631 17)
1340 5571 1407 5631 bne]
1426 5571 1466 5622 alc
1481 5571 1567 5625 natet.
1588 5571 1684 5712 1585ῠὲ
1689 5570 1751 5677 .ss
1772 5572 1848 5624 MR.
1867 5572 1943 5628 Μ
