4778 6240
69 249 149 328 ,ω
203 232 205 237 ·
480 240 636 319 nutu.
692 240 1094 319 mrnnrnnrarm
1118 238 1459 335 jonvurmnuu
1488 238 1698 315 PINDARL
2030 247 2107 322 sn
2202 222 2208 229 ’

68 420 232 505 habitat,
258 430 294 488 et
317 440 460 489 sorores
481 416 575 488 eius:
601 414 762 503 lustitia,
787 419 1061 488 fundamentum
1116 428 1189 498 est,
1215 418 1330 485 donec
1353 416 1386 484 ei
1400 414 1520 485 Pallas
1536 439 1686 486 aureum
1704 415 1845 485 frenum
1869 415 1998 485 attulit.
2021 420 2023 425 '
2049 416 2102 490 lbi

67 525 234 606 urbium,
266 532 302 590 et
322 543 469 591 concors
485 521 582 604 Pax,
615 520 709 590 tiliae
729 517 937 602 Themidis,
969 542 1061 613 quae
1115 543 1157 586 ex
1172 518 1314 588 somnio
1330 518 1450 588 statim
1467 543 1524 588 res
1540 517 1617 610 ipsa
1635 529 1778 610 praesto
1798 517 1877 587 luit.
1938 516 2104 610 Compel-

68 640 155 700 snnt
171 624 478 715 custodes'opum:
506 622 608 717 (Ant.
624 620 681 717 1.)1
702 647 794 718 quae
810 622 982 694 iniuriam
998 646 1062 691 vo-
1113 619 1201 690 lavit
1216 633 1335 690 autem
1358 647 1440 692 eum
1456 619 1591 692 Pallas:
1618 619 1765 690 Dormis
1779 617 2103 710 Bellerophontes?

68 732 150 800 lunt
162 750 304 808 arcere,
330 739 482 794 matrem
495 727 619 796 fastus.
692 778 693 782 ,
1083 724 1232 814 'accipe
1265 720 1335 793 hoc
1366 738 1529 819 equestre
1559 736 1832 806 ornamentum,
1866 735 1901 791 et
1925 737 2102 796 monstres
2215 761 2221 775 =

169 829 295 898 Habeo
313 823 485 911 honesta,
511 852 604 921 quae
618 827 758 912 dicam,
784 841 820 900 et
836 839 945 897 recta.
986 827 1060 896 Au·
1111 824 1281 918 Neptuno
1310 828 1483 896 domitori
1515 851 1709 922 equorum,
1751 837 1910 896 mactans
1944 838 2100 899 taurum.

67 930 169 1001 dacia
184 931 312 1001 incitat
335 955 413 1013 me,
446 942 488 999 ut
510 953 552 998 ea
574 930 703 1001 dicam.
762 926 986 1023 Impossibile
1007 941 1060 999 est
1111 925 1205 1025 (Str.
1227 926 1281 1023 4.)
1309 928 1405 998 llaec
1428 931 1546 1000 dicere
1571 931 1603 998 ei
1626 928 1820 999 dormienti
1845 941 1955 999 noctu
1979 928 2099 1002 Pallas

67 1033 246 1104 occultare
262 1033 460 1125 ingenitam
475 1044 657 1104 naturam.
708 1031 840 1119 Vobis,
865 1026 1059 1118 Corinthii,
1111 1032 1186 1101 visa
1204 1045 1266 1104 est.
1317 1031 1597 1125 Exiliensigitur
1613 1046 1709 1102 recto
1727 1035 1837 1122 pede,
1864 1043 1900 1099 et
1923 1031 2129 1122 aecipiens'

65 1159 174 1227 saepe
195 1136 383 1206 victoriam
415 1137 592 1205 dederunt
613 1133 752 1219 Horae,
794 1161 876 1209 cum
903 1136 1058 1206 victores
1110 1157 1224 1226 prope
1244 1134 1402 1228 positum
1431 1137 1593 1227 signum,
1634 1148 1754 1204 vatem
1778 1133 1868 1202 adiit
1889 1133 2097 1226 indigenam

66 1239 213 1308 fuerunt
238 1263 319 1308 cum
344 1262 482 1310 summa
508 1238 639 1307 virtute
661 1240 700 1306 in
724 1241 832 1309 sacris
854 1236 1057 1308 certamini-
1108 1235 1322 1329 Polyidum,
1350 1251 1384 1307 et
1399 1251 1516 1310 totum
1538 1251 1705 1307 eventum
1729 1238 1762 1305 ei
1785 1236 1963 1306 narravit:
1998 1240 2097 1330 quod
2214 1328 2228 1337 θ

66 1340 153 1422 bus,
195 1341 276 1431 (lap.
295 1339 344 1434 1.)
372 1353 407 1410 et
428 1363 597 1431 magnam
617 1341 804 1435 antiquam
828 1340 1055 1433 sapientiam.
1109 1340 1272 1408 adaram
1288 1339 1387 1409 Deae
1414 1341 1625 1411 dormiverit
1645 1341 1723 1432 ipso
1743 1339 1906 1423 iubente,
1941 1352 1976 1408 et
1998 1342 2096 1432 quod

66 1440 193 1510 Gloria
210 1455 329 1512 autem
346 1442 464 1535 operis
480 1455 531 1513 est
548 1466 657 1534 penes
674 1444 912 1514 inventorem.
948 1441 1055 1512 Unde
1108 1440 1227 1512 Pallas
1254 1442 1287 1511 ei
1309 1444 1447 1514 dederit
1472 1443 1570 1538 (aas.
1588 1442 1639 1534 4.)
1654 1467 1804 1514 aureum
1820 1443 1975 1512 frenum.
2028 1440 2094 1511 llic
2139 1502 2143 1509 .

66 1558 315 1635 apparuerunt
339 1540 474 1614 Bacchi
498 1539 681 1630 Charites,
714 1570 795 1616 cum
811 1542 1053 1638 Dithyrambo
1108 1543 1227 1628 iussit,
1254 1557 1295 1615 nt
1312 1547 1495 1616 celerrime
1517 1546 1659 1616 somnio
1682 1547 1922 1635 obtemperem
1957 1557 2093 1614 etcum

67 1646 227 1715 victore?
279 1645 325 1716 Et
342 1647 420 1742 quis
436 1648 575 1717 invenit
587 1651 707 1721 lrenos
723 1647 924 1744 equorum?
964 1647 1055 1740 Quis
1108 1647 1318 1715 mactaverit
1341 1661 1485 1720 taurum
1507 1649 1698 1740 Neptuno,
1731 1659 1844 1739 ponat
1862 1671 1963 1715 aram
1987 1670 2092 1740 eque-

65 1747 246 1840 ge'minam
288 1750 446 1844 aquilam
491 1752 633 1843 templis
674 1752 813 1844 primus
849 1748 1054 1842 imposuit?
1106 1747 1171 1818 stri
1195 1748 1346 1821 Palladi.
1404 1751 1662 1821 Efficitautem
1689 1749 1848 1840 potentia
1872 1749 2092 1817 divinarem

64 1851 172 1942 Apud
198 1874 262 1920 vos
290 1864 325 1920 et
348 1852 452 1923 Musa
485 1853 611 1937 floret,
652 1868 688 1923 et
713 1855 812 1925 Mars
843 1852 1053 1946 perniciosis
1105 1850 1265 1934 facilem,
1305 1856 1349 1922 de
1371 1878 1442 1948 qua
1462 1879 1570 1924 nemo
1596 1854 1716 1922 iurare
1743 1864 1880 1943 posset,
1925 1863 1960 1920 et
1983 1873 2093 1945 quam

63 1952 211 2044 proeliis
234 1952 418 2025 iuvenum.
469 1956 630 2051 (Stes)
657 1956 802 2028 Summe
823 1954 978 2050 Iupiter,
1005 1957 1053 2026 sis
1106 1977 1212 2022 nemo
1227 1968 1399 2046 speraret.

63 2056 186 2125 fautor
198 2056 298 2124 omni
313 2069 476 2149 tempore
492 2060 581 2130 meis
598 2062 834 2142 carminibus,
869 2075 904 2130 et
925 2083 1052 2149 regens
1205 2054 1352 2149 Accepit
1380 2058 1489 2149 igitur
1516 2054 1814 2149 Bellerophontes
1846 2059 2007 2138 frenum,
2056 2070 2092 2126 et

63 2153 160 2227 hunc
190 2159 365 2250 populum
397 2161 474 2230 sinc
501 2162 723 2247 calamitate,
756 2165 914 2254 guberna
937 2163 1052 2231 fortu-
1104 2157 1222 2227 iunxit
1243 2161 1398 2231 maxillis
1421 2163 1502 2255 (Ep.
1521 2159 1574 2258 4.)
1598 2162 1693 2257 equi.
1758 2161 1959 2231 Conscenso
1985 2184 2090 2253 equo,

64 2282 149 2329 nam
171 2257 442 2353 Xenophontis,
483 2277 518 2332 et
545 2265 663 2356 recipe
687 2261 781 2334 hanc
804 2265 1052 2334 laudationem
1104 2260 1225 2329 statim
1242 2262 1279 2330 in
1295 2263 1405 2333 armis
1418 2264 1515 2346 lusit,
1540 2289 1621 2334 cum
1638 2261 1706 2334 hoc
1721 2278 1882 2335 sternens
1897 2262 2090 2334 exercitum

66 2386 302 2447 coronarum,
339 2388 449 2457 qnam
473 2365 573 2435 ducit
591 2392 633 2435 ex
650 2366 923 2458 campisPisae,
955 2378 1052 2457 post·
1105 2363 1315 2434 muliebrem
1333 2367 1558 2436 Amazonum
1584 2391 1626 2436 ex
1651 2367 1732 2437 sinu
1753 2363 1920 2436 aethereo
1941 2365 2092 2456 frigidae

65 2490 174 2559 quam
190 2465 276 2532 vicit
289 2465 329 2532 in
344 2467 459 2535 stadio
477 2479 512 2534 et
527 2463 733 2556 pentathlo,
760 2492 853 2563 quae
869 2472 942 2539 duo
962 2466 1053 2536 nulli
1105 2463 1319 2537 solitudinis.
1383 2464 1563 2538 Interfecit
1598 2481 1633 2538 et
1658 2465 1887 2539 Chimaeram
1912 2469 2092 2537 efflantem

62 2564 275 2636 mortalium
292 2579 398 2635 antea
415 2569 542 2636 eodem
557 2569 615 2639 die
631 2572 869 2660 contigerunt.
889 2570 1053 2663 (dnm.)
1105 2565 1246 2655 ignem,
1286 2581 1321 2637 et
1343 2567 1520 2662 Solymos.
1583 2569 1638 2638 Ile
1667 2583 1784 2640 morte
1808 2595 1894 2640 vero
1916 2571 1991 2640 eius
2017 2593 2092 2638 non
2214 2598 2218 2604 ·

62 2669 169 2738 Duae
183 2681 218 2736 et
232 2668 323 2738 aliae
339 2669 413 2761 apii
436 2694 590 2740 coronae
614 2697 694 2743 eum
719 2675 757 2743 in
772 2670 929 2744 Isthmiis
950 2696 1053 2742 coro-
1106 2668 1234 2740 dicam.
1287 2670 1463 2761 Pegasum
1479 2669 1615 2763 Iupiter
1629 2673 1667 2740 in
1683 2672 1821 2743 coelum
1837 2672 2029 2743 transtulit.

65 2783 255 2842 naverunt.
322 2772 397 2842 Nec
425 2772 559 2844 Nemea
601 2775 634 2844 ei
670 2777 889 2848 restiterunt.
958 2773 1054 2843 Vicit
1209 2770 1301 2865 (scr.
1316 2769 1370 2869 6.)
1398 2773 1457 2843 Me
1472 2799 1558 2843 vero
1577 2774 1792 2846 iaculantem
1808 2776 1987 2845 turbinem
2005 2774 2094 2844 telo·

67 2897 172 2944 cursu
207 2885 242 2942 et
271 2886 372 2965 pater
396 2870 588 2947 Thessalus
622 2881 667 2948 ad
691 2876 885 2972 Alpheum.
942 2877 990 2947 Et
1014 2878 1054 2946 in
1105 2896 1206 2956 rum,
1251 2879 1351 2945 decet
1384 2901 1459 2945 non
1489 2878 1601 2948 multa
1632 2878 1775 2948 mittere
1806 2891 1903 2948 extra
1933 2902 2094 2969 scopum.

65 2971 224 3069 Pythiis,
250 3000 324 3045 uno
340 2977 397 3046 die
413 2990 448 3046 et
467 2980 592 3047 eodem
614 3005 754 3066 mense,
787 2983 904 3053 stadio
932 2993 967 3049 et
989 2982 1054 3049 du·
1105 2974 1203 3043 Veni
1220 2978 1335 3062 enim,
1366 2992 1407 3049 ut
1430 2981 1602 3050 celebrem
1627 2977 1834 3052 Corinthios
1857 2983 1902 3051 ab
1926 2981 2093 3071 Oligoeto

66 3077 151 3170 plici
165 3078 292 3149 stadio.
345 3078 392 3148 Et
406 3081 444 3147 ia
468 3082 602 3173 asperis
618 3079 769 3154 Athenis
790 3087 862 3156 tres
884 3083 1054 3153 victorias
1108 3091 1218 3150 ortos.
1270 3079 1467 3151 Ostendam
1488 3083 1596 3174 igitur
1619 3084 1721 3152 brevi
1743 3082 1902 3154 carmine
1925 3082 2094 3154 victorias

67 3181 218 3271 adeptus
240 3193 303 3252 est.
355 3187 440 3276 (Ep.
452 3186 507 3276 2.)
541 3186 678 3277 Septies
700 3187 786 3256 vicit
806 3188 845 3255 in
871 3184 1054 3257 Palladiis.
1108 3183 1145 3249 in
1161 3177 1295 3253 lsthmo
1314 3197 1348 3252 et
1363 3182 1498 3255 Nemea
1525 3199 1646 3276 partas
1670 3186 1827 3255 familiae
1845 3184 2022 3275 Oligoeti,
2058 3195 2096 3253 et

67 3282 295 3354 Comitantur
311 3309 392 3355 eum
419 3299 455 3354 et
471 3289 610 3356 maiora
634 3289 848 3380 praeconia,
875 3314 955 3358 cum
972 3311 1055 3370 avo,
1109 3285 1202 3352 addo
1220 3285 1474 3358 iuramentum.
1502 3287 1667 3379 Sexagies
1684 3288 1835 3357 enimin
1849 3287 2095 3382 utroqueloco

65 3384 106 3452 in
128 3383 288 3476 Neptuni
310 3389 575 3460 certaminibus.
633 3390 746 3483 Saepe
773 3405 809 3485 et
832 3393 871 3459 in
893 3386 1055 3482 Delphis,
1109 3387 1302 3457 celebravit
1317 3387 1413 3459 Deos
1434 3415 1504 3459 vox
1526 3391 1725 3481 praeconis.
1778 3386 2096 3484 (Ass.5.)01ym-

27 3512 33 3527 ·
68 3499 104 3558 et
126 3488 165 3556 in
180 3488 324 3560 Nemeis
341 3490 484 3562 vicistis.
536 3492 733 3564 Multitudo
755 3495 841 3563 facit
862 3490 954 3562 mihi
982 3516 1056 3562 cer·
1108 3490 1208 3579 picae
1232 3503 1350 3560 autem
1375 3491 1547 3562 victoriae
1566 3494 1666 3584 prius
1688 3493 1804 3563 dictae
1825 3506 1927 3578 sunt,
1958 3494 2096 3563 futuras

67 3603 209 3677 tamen,
241 3605 432 3686 propterea
457 3597 556 3689 quod
580 3597 709 3669 multas
732 3610 868 3669 vestras
888 3595 1056 3665 victorias
1109 3605 1231 3682 postea
1257 3595 1428 3666 recitabo.
1489 3594 1593 3666 Nunc
1616 3621 1742 3689 spero,
1770 3594 1848 3665 Deo
1872 3595 2016 3689 quidem
2042 3595 2096 3664 iu·

66 3716 144 3761 nnn
164 3718 311 3784 possum
334 3697 504 3779 recitare,
541 3710 683 3768 utnon
709 3702 843 3790 possim
864 3720 1056 3769 numerare
1109 3707 1236 3777 vante,
1268 3697 1298 3766 si
1323 3699 1477 3788 genuina
1499 3699 1643 3769 fortuna
1669 3700 1859 3790 procedet,
1891 3694 1967 3766 lovi
1984 3695 2096 3764 Marti

67 3794 211 3884 lapillos
233 3796 356 3866 maris.
412 3799 504 3889 (ser.
530 3798 583 3895 3.)
621 3801 791 3893 Qualibet
811 3815 932 3873 autem
954 3802 993 3869 in
1017 3823 1056 3868 re
1109 3792 1179 3866 hoc
1193 3799 1402 3872 tribuemus.
1453 3800 1631 3873 Victorias
1643 3826 1730 3871 vero
1753 3801 1791 3870 in
1813 3800 1896 3892 iugo
1915 3797 2096 3882 Parnassi,

67 3896 201 3966 modus
215 3907 287 3980 est,
314 3921 419 3991 quem
435 3923 540 3969 nosse
554 3903 731 3990 optimum
750 3918 813 3974 est.
1109 3900 1215 3990 Argis
1243 3914 1278 3971 et
1302 3899 1457 3986 Thebis,
1498 3917 1533 3974 et
1567 3903 1605 3974 in
1626 3905 1781 3974 Arcadia
1809 3901 1995 3973 testabitur
2020 3922 2095 3972 ara.

172 3997 250 4089 Ego
267 4012 384 4068 autem
400 4000 548 4107 propgie
567 4003 708 4084 electus,
729 4018 768 4074 ut
782 4006 922 4096 publice
940 4004 1056 4073 dicam
1111 4003 1192 4098 (llp.
1210 3998 1264 4096 5.)
1280 4003 1328 4074 Et
1343 4031 1408 4096 per
1421 4001 1616 4091 Achaiam,
1640 4008 1834 4100 Aeginam,
1859 4005 2035 4085 Atticam,
2061 4013 2098 4072 et

68 4099 252 4171 maiorum
269 4102 474 4198 virtutes⁸¹)
490 4100 526 4173 et
538 4105 652 4189 bella,
677 4128 752 4174 non
767 4107 884 4176 dicam
899 4107 987 4176 lalsa
1015 4109 1058 4174 de
1111 4105 1291 4190 Siciliam,
1333 4109 1487 4201 denique
1513 4134 1579 4200 per
1602 4123 1714 4178 totam
1740 4108 1928 4179 Graeciam
1951 4106 2097 4189 vadens,

71 4201 259 4275 Corintho.
320 4203 493 4299 Sisyphus
514 4208 678 4278 excelluit
703 4209 899 4301 sapientia,
933 4220 968 4276 et
983 4208 1059 4277 Me·
1112 4207 1273 4277 invenies
1303 4210 1441 4278 maiora
1475 4212 1566 4279 lacta
1591 4207 1883 4293 Corinthiorum,
1924 4233 2032 4303 quam
2057 4218 2099 4276 ut

70 4307 138 4377 dea
155 4321 280 4377 contra
298 4310 410 4400 patris
424 4311 647 4392 voluntatem
670 4312 812 4403 nupsit,
846 4326 882 4381 et
905 4309 1060 4382 servavit
1112 4310 1250 4400 singula
1274 4311 1500 4381 considerare
1521 4313 1647 4405 possis.
1707 4315 1777 4383 Sed
1793 4309 1928 4404 lupitcr
1949 4313 2025 4394 fac,
2057 4321 2099 4378 ut

69 4409 195 4479 navim
219 4408 317 4503 Argo
342 4424 377 4480 et
397 4412 525 4483 socios.
582 4411 682 4511 (Ant.
706 4414 760 4507 5.)
794 4415 986 4484 Praeterea
1014 4414 1060 4481 ad
1113 4413 1253 4481 vincam
1276 4412 1345 4481 levi
1369 4418 1481 4505 pede,
1526 4428 1561 4485 et
1581 4416 1627 4484 da
1650 4411 1741 4485 mihi
1763 4410 1938 4485 honorem
1967 4425 2001 4483 et
2022 4411 2099 4483 dul-

71 4511 224 4581 'l'roiam
254 4513 294 4580 in
323 4526 477 4610 utraque
501 4529 604 4606 parte
626 4514 898 4589 Corinthiorum
924 4515 1061 4610 posteri
1114 4540 1190 4585 cem
1206 4517 1402 4589 fortunam.
1501 4595 1504 4604 ¹

70 4617 237 4700 luerunt,
269 4615 331 4684 alii
356 4640 436 4686 cum
460 4643 589 4708 genere
611 4620 713 4689 Atrei
735 4634 936 4713 repetentes
957 4619 1061 4688 llele·

71 4741 181 4802 nam,
216 4717 279 4787 alii
303 4732 476 4790 arcentes.
527 4720 621 4792 Nam
638 4722 835 4808 Glaucum,
870 4724 933 4818 qui
956 4745 1062 4791 vene·
1499 4722 1729 4809 ΟᾱθΧΝ,

73 4834 131 4890 rat
147 4844 190 4890 ex
204 4819 335 4914 Lycia,
361 4823 537 4893 timebant
552 4825 692 4896 Graeci.
745 4827 978 4897 Gloriabatur
1000 4848 1063 4893 au·
1116 4875 1202 4942 m
1240 4874 1334 4942 mo
1350 4875 1566 4945 orchomenio
1600 4873 1674 4961 Μ
1688 4875 1856 4947 ommi
1896 4871 2003 4947 σταδι
2022 4873 2090 4971 Ἥ)

74 4935 147 4991 tem
186 4924 372 5009 Glaucus,
424 4939 564 5016 patrem
605 4953 708 4998 suum
744 4925 1063 5021 Bellerophontem
1207 4896 1231 4960 p
1566 4926 1577 4959 ’
1856 4926 1867 4958 ’
2006 4901 2036 4948 ⁶⁶
2093 4923 2102 4947 ⁶
2209 5004 2216 5011 ,

72 5026 181 5096 fuisse
205 5052 323 5119 regem
346 5026 596 5113 Corinthium,
633 5032 713 5122 (Ep.
731 5030 783 5128 3.)
809 5033 871 5126 qui
887 5032 1064 5122 Pegasum
1221 5020 1313 5117 (Str.
1333 5023 1384 5117 1.)
1411 5020 1573 5096 Charites
1602 5026 1697 5117 apud
1719 5021 1903 5116 Cephisias
1931 5051 2042 5120 aquas
2070 5041 2106 5099 et

72 5151 121 5195 ex
138 5128 306 5220 Gorgone
324 5144 449 5202 natum
468 5133 592 5203 volens
611 5134 774 5220 frenare,
807 5135 921 5205 multa
943 5155 1067 5226 passus
1120 5121 1412 5211 Orchomenum,
1454 5140 1490 5196 θῑ
1518 5141 1679 5198 velerum
1706 5127 1913 5220 Mlssytfflm
1938 5131 2106 5222 θΡῘδῑθΡῑ,

74 5301 283 5316 μ--Β-

111 5392 162 5450 81)
180 5387 315 5460 virtutes]
333 5399 376 5451 sto
394 5399 440 5468 (=
458 5403 534 5454 pind.
554 5395 711 5472 Ιρεταῖσιν)
736 5404 786 5456 nt.
802 5404 895 5468 Ιωας
929 5402 980 5458 Ed.
995 5399 1071 5452 tm.
1156 5395 1207 5460 ³2)
1226 5396 1284 5447 fllto
1301 5396 1460 5460 cleodant,
1478 5391 1607 5454 rendist]
1624 5392 1667 5444 stc
1684 5391 1768 5444 adiu.
1785 5392 1876 5454 tm,
1896 5390 1970 5444 tw.
1985 5411 2016 5437 =
2028 5392 2108 5446 atet.

146 5460 285 5519 virtutem,
808 5487 810 5491 ·
1194 5464 1278 5515 ttdttt
1296 5466 1427 5519 Freneot.
1447 5466 1541 5526 tm,
1565 5462 1649 5513 Bestt.
1670 5460 1761 5521 tote..
1777 5460 1809 5512 tt.
1824 5461 1918 5523 steps.
1938 5461 2012 5516 taos.
2029 5453 2108 5512 nardi

76 5546 264 5616 Murmura.
286 5552 394 5618 om.
416 5554 502 5620 Vm..
524 5555 615 5621 xm
1549 5532 1596 5603 14

160 5734 193 5807 ῃ
285 5730 289 5739 .
