4784 6256
285 294 364 373 sos
488 268 495 301 ¹
718 276 722 297 ἲ
870 281 993 357 rurs.
1028 279 1141 357 uec.
1167 280 1370 356 semem
1402 281 1740 360 rnuososcca,
2196 304 2198 319 .
2251 301 2335 374 Μ

285 471 392 539 decus
406 469 639 555 quaerentes,
663 467 700 526 et
712 455 879 526 laborum
896 455 1070 549 requiem.
1109 451 1209 547 (Aac.
1228 454 1279 548 1.)
1332 466 1451 525 autem
1475 480 1542 526 suo
1568 456 1741 526 laetitiam
1769 458 1900 530 attulit.
1953 461 2020 533 Cui
2034 465 2201 535 accidunt
2214 481 2336 559 grets,

284 563 475 642 Perficitur
498 573 616 631 autem
640 554 729 628 baec
751 557 926 627 divinatio
952 559 989 626 in
1019 557 1171 649 gratiam
1201 556 1280 647 pio·
1331 570 1485 627 mortem
1504 557 1736 630 obliviscitur.
2163 556 2174 571 ”

285 684 388 751 mm,
414 664 476 758 qui
492 661 705 755 supplicant.
735 659 782 729 Et
796 673 855 745 tu,
881 686 903 729 u
918 660 1021 745 Pisa,
1048 659 1167 750 accipe
1184 654 1280 728 bunc
1434 656 1535 752 (Ant.
1551 660 1606 756 4.)
1631 659 1743 730 Decet
1757 673 1876 731 autem
1893 687 1950 732 me
1964 677 2001 733 et
2012 663 2223 757 Blepsiadas
2241 671 2332 742 cele·

285 770 473 868 hymnum.
523 764 656 854 Magna
671 763 783 854 gloria
801 775 872 844 est,
899 763 954 833 cui
979 762 1154 852 contingit
1174 785 1278 831 suum
1329 761 1455 844 brare,
1479 775 1515 832 et
1529 763 1646 832 dicere
1662 763 1823 833 victrices
1840 787 1966 835 eorum
1982 760 2130 852 manus,
2156 770 2334 864 qninune

175 880 178 884 ’
285 880 428 946 munus.
479 864 560 935 Alia
583 889 669 935 vero
692 865 770 936 aliis
791 866 885 935 bona
911 865 1099 946 eveniunt,
1132 877 1168 933 et
1182 862 1280 934 Deus
1330 875 1465 931 sextam
1497 888 1668 935 coronam
1697 860 1842 936 habent.
1908 867 2002 938 Nam
2026 880 2062 938 et
2088 873 2135 940 ad
2164 888 2330 949 mortuos

286 975 396 1046 variis
413 970 530 1040 modis
547 969 754 1037 benefacere
769 979 896 1059 potest.
1330 965 1485 1054 pertinet
1519 967 1632 1057 gloria
1666 982 1913 1058 posterorum,
1957 994 2023 1039 nec
2055 973 2172 1063 pulvis
2207 978 2331 1050 obruit

388 1073 470 1169 (Bp.
489 1072 541 1165 1.)
565 1069 639 1140 Vos
656 1070 972 1161 autemAeginetas
987 1067 1149 1139 adiunxit
1163 1069 1277 1137 fatum
1331 1079 1565 1157 cognatorum
1597 1070 1761 1161 gloriam.
1820 1068 2329 1170 (np.4.)1phi0npmsvu.

286 1176 381 1259 lovi,
407 1173 545 1267 generis
562 1172 699 1241 autori:
727 1184 761 1241 te
779 1169 1048 1242 Timosthenem
1074 1170 1111 1239 in
1135 1169 1279 1242 Nemeis
1330 1168 1478 1241 audiens
1495 1170 1664 1240 Mercurii
1681 1171 1791 1240 liliam
1803 1170 1975 1258 Famam,
2001 1176 2095 1246 dicet
2105 1164 2326 1254 Callimacho

286 1278 539 1370 conspicuum,
580 1272 826 1343 Alcimedonta
857 1274 894 1342 in
924 1272 1113 1366 Olympiis.
1191 1273 1280 1341 Erat
1330 1270 1518 1341 victoriam
1536 1274 1573 1343 in
1586 1273 1782 1366 Olympiis,
1809 1299 1916 1367 quem
1934 1273 2068 1368 Iupiter
2084 1280 2117 1348 ei
2133 1297 2326 1373 cognatum

285 1385 482 1461 formosus,
515 1388 551 1446 et
569 1376 671 1447 factis
692 1399 825 1446 certans
846 1376 1020 1454 formam;
1065 1398 1148 1443 nam
1173 1375 1280 1464 Aegi·
1329 1373 1439 1445 dedit.
1489 1376 1610 1444 Addat
1627 1390 1745 1446 autem
1762 1374 1897 1468 Iupiter
1920 1373 1974 1449 his
1998 1380 2102 1453 bonis
2124 1383 2193 1454 alia
2217 1387 2327 1472 bons,

285 1508 370 1554 nam
385 1482 541 1574 patriam
565 1478 775 1559 celebravit,
805 1503 884 1547 cum
909 1478 1048 1548 vicisset
1070 1478 1181 1546 lucta:
1216 1477 1279 1546 ubi
1330 1489 1364 1544 et
1390 1477 1545 1567 depellat
1564 1502 1689 1549 saevos
1710 1479 1867 1550 morbos.
1931 1479 2029 1572 Opto
2055 1485 2183 1570 etiam,
2211 1512 2263 1558 -ne
2288 1489 2326 1559 in

285 1597 467 1656 exercetur
490 1580 649 1664 lustitia,
684 1580 840 1650 assidens
861 1582 955 1671 apud
972 1576 1093 1648 lovem
1118 1575 1278 1669 hospita·
1329 1573 1396 1646 bac
1409 1579 1564 1668 gloriosa
1582 1581 1653 1649 vita
1667 1579 1828 1652 Nemesis
1843 1581 1988 1652 inimica
2007 1585 2076 1676 ipsi
2090 1601 2237 1670 noceat3
2261 1593 2324 1662 sed

284 1690 377 1770 lem,
403 1682 496 1778 (sar.
511 1683 565 1778 2.)
587 1666 699 1772 magis
717 1706 824 1777 quam
843 1683 966 1751 colunt
981 1705 1059 1750 eam
1075 1682 1135 1750 alii
1159 1675 1277 1749 homi·
1329 1690 1369 1748 ut
1385 1703 1492 1770 agens
1515 1682 1626 1751 vitam
1653 1684 1905 1778 tranquillam,
1940 1699 2069 1777 augeat
2091 1714 2175 1762 suos
2200 1704 2237 1762 et
2262 1717 2325 1785 pa·

285 1814 360 1860 nes.
412 1785 484 1855 Ubi
499 1808 627 1875 magna
645 1784 837 1853 multitudo
860 1784 1027 1866 confluit,
1061 1783 1201 1852 difficile
1226 1794 1278 1853 est
1328 1782 1446 1853 triam.
2031 1792 2034 1797 ‘

285 1902 381 1961 recte
396 1887 566 1957 indicare.
618 1885 687 1955 Sed
701 1886 757 1955 lex
781 1886 902 1954 divina
926 1882 1018 1955 hanc
1041 1882 1193 1956 insulam
1215 1909 1277 1952 va·

285 1993 349 2079 riis
370 1986 575 2081 hospitibus·
593 1988 776 2058 constituit
800 2012 874 2058 esse
895 1986 1031 2058 felicem
1060 1989 1276 2058 columnam.
1731 1986 1822 2069 0th
1847 1987 1925 2072 IX,

284 2094 441 2164 Veniens
464 2104 604 2182 tempus
626 2089 863 2184 servet-(Ant.
882 2092 936 2183 2.)
959 2091 1133 2173 insulam,
1176 2090 1276 2157 attri-

284 2198 410 2267 butam
426 2191 660 2263 Doriensibus
675 2205 757 2283 post
767 2191 947 2274 Aeacum,
973 2218 1079 2286 quem
1095 2191 1226 2283 Apollo
1242 2203 1278 2259 et
1917 2261 1922 2272 ,
2144 2256 2148 2261 .

284 2299 494 2390 Neptunus,
521 2295 737 2365 aedificaturi
754 2319 895 2366 matrum
911 2292 985 2378 llii,
1017 2295 1086 2365 sibi
1108 2293 1277 2364 adiunxe-
1430 2287 1521 2381 (ser.
1540 2288 1589 2381 1.)
1616 2284 1823 2358 Archilochi
1838 2312 1982 2359 carmen
1996 2313 2128 2360 sonans
2142 2289 2180 2358 in
2193 2290 2321 2384 Olym-

284 2411 370 2472 runt
391 2399 527 2472 sociutn
550 2396 825 2478 aedificationis,
863 2397 946 2491 quia
972 2410 1050 2465 erat
1070 2398 1203 2479 fatum,
1237 2395 1277 2463 in
1327 2389 1407 2480 pie,
1433 2390 1587 2479 gloriose
1603 2391 1718 2460 victor
1736 2416 1758 2460 ο
1777 2390 1967 2474 Callinice,
1992 2403 2046 2475 ter
2062 2402 2243 2462 cantatum
2262 2419 2319 2465 se·

282 2502 377 2573 bello
417 2501 545 2590 rapido
585 2500 659 2589 igni
694 2499 844 2568 Troiam
884 2499 1081 2591 perituram
1097 2497 1145 2591 ¹⁰)
1190 2521 1275 2568 esse.
1328 2492 1371 2561 tis
1402 2493 1469 2561 fuit
1499 2495 1596 2582 apud
1627 2493 1799 2563 Cronium
1838 2495 2036 2576 tumulum,
2082 2506 2124 2565 ut
2162 2495 2321 2586 praeiret

284 2602 430 2698 (de.)
451 2601 647 2694 Postquam
664 2613 785 2671 autem
799 2624 891 2669 nova
910 2601 1018 2670 turris
1034 2611 1192 2670 extructa
1211 2610 1276 2681 est,
1325 2589 1568 2685 Epharmosto
1585 2597 1730 2665 ducenti
1747 2597 1897 2668 sodales.
1950 2596 2055 2668 Nunc
2079 2620 2163 2666 vero
2189 2601 2320 2669 accedo

281 2718 354 2776 tres
388 2706 561 2773 dracones
589 2702 822 2785 adstiterunt,
861 2727 1015 2797 quornm
1036 2705 1109 2772 duo
1137 2702 1276 2771 decide·
1326 2694 1445 2765 lovem
1463 2694 1518 2767 bis
1541 2699 1777 2781 carminibus,
1812 2712 1847 2768 et
1866 2700 2157 2790 promontorium
2174 2696 2350 2786 llelidis,'

282 2818 396 2889 runt,
421 2818 456 2875 et
480 2805 601 2874 afflicti
626 2807 761 2876 monui
782 2821 883 2884 sunt;
915 2808 1040 2875 tertius
1060 2828 1145 2873 vero
1172 2799 1276 2873 vehe-
1327 2801 1425 2892 quod
1443 2798 1579 2895 Lydius
1595 2800 1727 2893 Pelops
1746 2800 1881 2892 accepit
1903 2802 1996 2871 dotis
2018 2802 2098 2870 loco
2119 2803 2165 2872 ab
2181 2801 2321 2895 llippo-

282 2909 395 2979 menti
418 2908 576 2977 elamore
599 2908 741 2998 irrupit.
807 2905 847 2976 ld
872 2908 1075 2998 prodigium
1100 2907 1275 2997 interpre-
1327 2901 1458 2973 dantia.
1509 2903 1609 2996 (Aac.
1627 2903 1678 3000 1.)
1698 2902 1801 2972 Mitte
1813 2902 1978 2992 sagittam
1996 2915 2031 2971 et
2043 2903 2089 2969 ad
2102 2898 2321 2994 Pythonem.

281 3024 376 3082 tatus
411 3022 465 3078 est
487 3009 636 3100 Apollo:
678 3010 853 3100 Pergama
883 3009 1068 3099 capientur
1096 3033 1136 3078 ea
1160 3020 1274 3100 parte,
1326 3004 1408 3075 Non
1432 3001 1561 3073 hriniili
1581 3008 1742 3075 oratione
1766 3005 1877 3074 utaris
1904 3017 2051 3095 propter
2071 3003 2183 3075 luctas
2211 3001 2321 3079 buius

281 3137 352 3207 qna
376 3125 479 3181 tuum
503 3106 595 3201 opus
617 3123 689 3193 est,
730 3123 772 3179 nt
796 3105 865 3178 hoc
889 3123 1066 3180 ostentum
1090 3112 1274 3201 significat.
1327 3106 1421 3190 viri,
1472 3105 1644 3178 citharam
1677 3108 1835 3188 feriens,
1887 3105 1950 3198 qui
1982 3105 2156 3177 oriundus
2188 3120 2242 3178 est
2275 3133 2321 3189 er

280 3212 374 3306 (ser.
398 3210 451 3306 3.)
485 3208 682 3301 Capientur
714 3223 833 3280 autem
866 3235 941 3280 non
971 3213 1047 3292 sine
1079 3214 1150 3283 tuis
1183 3212 1274 3282 liliis.
1326 3208 1483 3301 Opunte.
1547 3211 1727 3280 Laudabis
1752 3222 1870 3279 autem
1900 3221 1936 3278 et
1960 3209 2086 3279 urbem
2120 3220 2158 3277 et
2190 3211 2320 3299 civem,

280 3312 498 3385 Domabitur
522 3324 642 3380 autem
667 3316 747 3382 cum
771 3313 897 3404 primis
920 3326 954 3382 et
977 3314 1123 3407 quartis.
1178 3313 1274 3383 llaec
1326 3336 1433 3408 quam
1453 3310 1622 3396 Themis,
1642 3326 1683 3382 ⁴et
1696 3313 1766 3381 lilia
1782 3311 1857 3382 eius
1868 3310 2047 3381 Eunomia
2067 3311 2241 3383 servatrix
2263 3337 2319 3382 re-

281 3429 362 3486 cum
378 3416 485 3506 plane
498 3413 642 3485 dixisset
653 3414 770 3496 Deus,
798 3415 1006 3506 properavit
1021 3411 1273 3499 aannthum‚
1325 3415 1386 3506 git.
1451 3416 1574 3486 Floret
1605 3430 1726 3486 autern
1756 3438 1797 3485 ea
1830 3416 1916 3486 urbs
1941 3412 2099 3485 victoriis
2115 3410 2256 3506 Pythiis
2278 3431 2319 3488 ‚et

281 3519 377 3588 etad
395 3529 574 3610 equestres
591 3519 813 3600 Amazones,
842 3519 944 3586 acad
960 3516 1099 3589 latrum.
1139 3517 1273 3609 Neptu·
1324 3517 1542 3611 Olympicis,
1586 3521 1683 3588 unde
1713 3540 1867 3588 coronae
1901 3529 2052 3586 matrem
2082 3513 2317 3588 Locrensium
2374 3550 2386 3573 ·

279 3642 448 3691 nnsvero
467 3621 510 3688 ad
536 3615 708 3690 lsthmum
732 3644 875 3689 currum
901 3621 1065 3710 agitavit,
1098 3621 1272 3691 comitans
1324 3620 1503 3693 attollunt.
1571 3619 1651 3714 (Ep.
1677 3618 1727 3715 1.)
1759 3620 1836 3712 Ego
1867 3631 1984 3689 autem
2016 3614 2164 3687 charam
2191 3620 2314 3690 urbem

279 3725 435 3811 Aeacum
466 3723 584 3792 aureis
607 3722 728 3816 equis,
762 3720 862 3815 (Ant.
884 3723 938 3816 δ.)
971 3735 1007 3792 et
1037 3725 1082 3793 ad
1107 3720 1271 3793 Corinthi
1322 3723 1517 3815 splendidis
1542 3725 1724 3795 illustrans
1753 3722 1989 3804 carminibus,
2033 3722 2192 3814 undique
2221 3718 2315 3791 hanc

280 3825 361 3917 iuga
380 3826 520 3895 visurus
534 3825 757 3895 sacrificinm.
1032 3880 1035 3885 .
1322 3827 1454 3894 famam
1470 3850 1636 3918 spargam
1653 3824 1800 3896 celerius
1817 3849 1910 3918 equo
1926 3837 1962 3893 et
1977 3848 2088 3907 nave,
2114 3824 2145 3893 si
2166 3825 2316 3896 feliciter

382 3923 481 3994 ldem
505 3951 590 3994 vero
614 3950 688 3994 non
722 3925 871 3993 delectat
899 3949 1035 3995 omnes.
1095 3926 1215 4017 Quare
1241 3927 1270 3997 si
1322 3928 1723 4029 excellentiGratiarum
1738 3924 1845 3999 horto
1859 3929 1971 3997 fruar.
2009 3926 2087 3995 Hae
2102 3926 2198 3996 enirn
2213 3952 2316 4021 prae-

279 4026 441 4097 Milesiae
477 4050 662 4094 occurram
698 4019 834 4119 hymno
869 4030 914 4097 ad
948 4028 1120 4120 gloriam,
1160 4053 1268 4122 quam
1320 4032 1408 4100 bent
1429 4032 1663 4102 delectabilia.
1728 4030 1774 4100 Et
1795 4028 1883 4100 boni
1907 4041 1942 4098 et
1964 4028 2142 4120 sapientes
2166 4053 2209 4099 ex
2235 4029 2314 4100 Deo

228 4210 232 4221 .
278 4141 404 4199 nactus
421 4139 473 4197 est
498 4127 687 4212 imberbis,
718 4151 765 4198 ne
790 4153 847 4198 me
872 4153 998 4221 aspero
1024 4129 1142 4221 lapide
1167 4131 1270 4201 feriat
1322 4133 1481 4230 (Sars.)
1506 4148 1600 4207 sunt.
1658 4135 1851 4226 Quomodo
1877 4132 1972 4201 enim
1990 4130 2158 4201 Hercules
2177 4132 2314 4201 triden-

276 4230 382 4300 livor.
433 4229 526 4323 Nam
543 4243 579 4300 et
594 4244 716 4322 postea
734 4230 960 4302 viriliaetate
975 4232 1014 4300 in
1025 4232 1169 4304 Nemeis
1185 4234 1269 4303 vicit
1321 4248 1392 4305 tem
1425 4238 1593 4309 movisset
1625 4237 1782 4318 clavam,
1824 4237 1969 4330 quando
1992 4235 2038 4302 ad
2058 4232 2186 4324 Pylum
2212 4245 2313 4304 stans

279 4332 359 4427 (lab.
375 4330 428 4427 3.)
445 4333 643 4423 pancratio.
696 4332 792 4403 llaec
806 4334 931 4406 similis
948 4335 1060 4428 gloria
1076 4348 1128 4406 est
1142 4336 1276 4433 priori.
1320 4337 1507 4431 Neptunus
1521 4338 1688 4409 sustinuit
1703 4336 1810 4408 eum?
1860 4335 1907 4405 Et
1924 4358 2083 4428 pugnans
2104 4358 2186 4406 cum
2200 4336 2314 4428 Apol-

278 4434 416 4503 Docere
432 4435 535 4504 facile
550 4449 603 4507 est
617 4435 753 4507 scienti.
787 4436 943 4506 Stultitia
960 4450 1012 4508 est
1028 4450 1167 4522 antem,
1193 4463 1268 4507 non
1319 4441 1410 4523 line,
1436 4441 1605 4512 sustinuit
1619 4438 1724 4508 enm?
1775 4438 1849 4509 Nec
1864 4437 1971 4509 Pluto
1987 4439 2175 4509 immotam
2197 4441 2315 4510 tenuit

276 4537 377 4629 prius
396 4537 542 4608 discere.
606 4537 655 4608 Et
679 4563 754 4607 non
775 4541 931 4630 experti,
968 4542 1148 4612 stultiores
1173 4553 1266 4612 sunt.
1318 4543 1477 4634 virgam,
1502 4567 1574 4636 qrra
1593 4540 1764 4611 mortalia·
1775 4566 1928 4632 corpora
1950 4541 2094 4613 deducit
2116 4544 2163 4611 ad
2186 4568 2313 4613 cavum

276 4638 452 4730 Expertus
479 4663 588 4731 opera
611 4664 674 4711 sua
698 4641 824 4711 melius
843 4643 960 4711 dicere
982 4656 1119 4735 potest,
1157 4667 1265 4735 quam
1319 4645 1449 4715 vicum.
1512 4643 1582 4713 Sed
1609 4643 1720 4713 abiice
1744 4639 1840 4715 hunc
1862 4667 2085 4728 sermonem,
2120 4645 2205 4740 qnia
2227 4670 2313 4715 cun·
2347 4632 2361 4649 ⁹

277 4741 358 4825 alii,
399 4741 462 4833 qui
488 4744 616 4813 modus
639 4766 682 4812 ex
709 4744 962 4815 certaminibus
985 4747 1102 4817 virum
1123 4746 1170 4813 ad
1191 4746 1267 4835 glo-
1318 4747 1441 4816 viciari
1464 4744 1560 4829 Diis,
1592 4747 1716 4816 odiosa
1741 4747 1916 4838 sapientia
1941 4759 2003 4819 est.
2067 4747 2115 4820 Et
2144 4748 2312 4840 gloriatio

1484 2137 1765 2224 Eplarmosto
1793 2139 1939 2224 Operatio
1964 2142 2160 2233 παλαιστῇ.

275 4843 367 4913 riam
387 4846 551 4915 adducat.
1318 4848 1565 4940 intempestiva
1598 4849 1698 4944 (Ant.
1719 4849 1774 4946 2.)
1798 4850 1956 4920 insaniae
1978 4863 2164 4940 consonat.
2227 4851 2313 4923 Non

247 4986 250 4991 ·
344 4946 481 5029 ,Nunc
499 4944 884 5031 eiAlcimedondecus
905 4962 976 5033 est,
1007 4961 1131 5019 nactus
1156 4948 1266 5020 victo·
1317 4953 1446 5023 stridas
1478 4949 1575 5023 talia.
1641 4951 1778 5023 Omitte
1805 4955 1958 5039 bellum,
2000 4954 2126 5024 omitte
2151 4978 2312 5046 pugnarn

275 5045 367 5115 riam
388 5049 624 5132 tricesimam,
658 5046 817 5148 (31.4.)
845 5050 907 5145 qui
931 5050 1009 5120 Deo
1032 5053 1196 5135 iuvante,
1232 5063 1267 5121 et
1317 5052 1498 5126 sineDeo.
1545 5121 1547 5125 ,
2367 5056 2371 5061 ’

273 5171 351 5239 non
363 5149 441 5227 sine
458 5144 612 5237 viribus,
637 5149 825 5223 iuvenibus
839 5153 993 5249 reditum
1016 5154 1200 5239 odiosum,
1231 5165 1267 5223 et
1333 5172 1337 5177 '
1419 5156 1616 5227 Convertas
1636 5172 1755 5229 autem
1776 5156 1936 5247 linguam
1961 5162 2007 5227 ad
2029 5160 2153 5228 urbem
2177 5157 2312 5229 Proto·

274 5250 464 5351 ingloriam
480 5254 661 5346 linguam,
696 5267 731 5325 et
750 5255 1135 5329 iter'occultumfecit.
1184 5257 1263 5326 Avo
1316 5256 1440 5349 genias
1450 5255 1652 5348 Opuntem,
1678 5257 1947 5330 ubiDeucalion
1966 5259 2147 5356 ethrrha
2163 5264 2312 5332 descen·

278 5412 483 5444 ..,...,..,,
521 5438 525 5443 ¹
690 5423 693 5429 ,
1084 5452 1087 5459 Δ
1170 5383 1172 5387 ’
1316 5362 1438 5431 dentes
1450 5383 1492 5428 ex
1505 5359 1704 5446 Parnasso,
1732 5362 1969 5433 condiderunt
1982 5367 2151 5449 domum,
2177 5377 2212 5435 et
2231 5365 2310 5436 sine

311 5489 356 5548 ts)
375 5492 542 5554 perituram]
560 5491 609 5541 ne.
626 5489 702 5541 rasa.
720 5489 818 5539 mento
838 5491 966 5556 sypogm
988 5493 1150 5556 periturum.
1315 5465 1505 5535 concubitu
1521 5463 1617 5532 nacti
1632 5477 1716 5534 sunt
1730 5459 1937 5537 huminibus
1951 5467 2106 5538 similem
2127 5472 2307 5539 foeturam
