4784 6256
1549 40 1651 59 -l‘y

87 247 161 317 117
422 226 651 309 -nxxuu
701 186 1404 318 exsuciuo'sn'iunuruuuu
1435 244 1739 321 ru-cocmnis.
2052 260 2124 333 118

84 413 175 488 heus
205 412 372 485 manibus
404 405 550 508 lyram]
611 411 725 507 Quasi
755 412 867 483 dicat:
899 435 975 483 non
998 438 1076 484 sum
1242 415 1302 488 Vs.
1331 413 1419 491 547.
1470 418 1615 491 Nemini
1643 419 1718 489 vim
1752 418 1889 513 iacias]
1940 424 2049 500 Redit
2075 436 2122 503 ad

85 532 237 589 naturae
261 514 408 587 servilis.
461 514 622 588 Naturae
653 514 798 586 serviles
820 527 904 587 suut
928 517 1077 587 fucatae.
1128 531 1322 610 praecepta
1349 521 1525 607 iustitiae,
1561 523 1621 592 illa
1648 535 1732 595 sunt
1754 522 1968 616 principalia
1994 528 2033 598 in
2053 528 2121 605 hcc

86 620 164 712 Ego
185 622 300 691 laetor
318 619 444 702 rebus,
478 617 609 711 quibus
641 618 753 688 debeo
780 616 929 700 laetari,
956 631 992 687 et
1015 618 1077 686 tri·
1127 619 1262 690 libello.

86 737 180 808 stcr,
205 722 268 792 ubi
291 733 345 791 est
364 744 470 791 causa
494 733 560 791 etc.
1234 720 1297 794 Vs.
1318 717 1407 795 548.
1458 718 1725 822 Beneficentiass]
1781 723 1921 812 idest,
1958 745 2052 803 recte
2085 751 2120 807 et

186 824 263 897 Vss.
274 818 350 895 555
365 849 418 916 sq.
457 820 653 916 Nunquam
671 819 798 890 servile
815 830 922 909 caput
938 824 1085 890 rectum
1126 823 1219 894 bene
1248 825 1365 897 iacere
1396 841 1448 898 est
1477 829 1703 919 praeclarum
1738 827 1777 898 in
1806 829 1886 901 viro
1918 832 2026 908 iusto.
2077 836 2118 910 In

58 936 151 1012 ¹est,
185 929 248 999 sed
277 950 419 1016 semper
452 937 548 994 tenet
577 924 764 1016 obliquum
794 916 955 1018 collum]
1008 921 1075 992 Hic
1125 926 1221 997 bello
1238 927 1287 997 sis
1309 952 1402 1001 acer.
2067 994 2073 1001 .

83 1030 306 1100 considerate
341 1028 554 1118 elegantiam
591 1025 820 1095 bellissimam
852 1020 1013 1093 Italicam
1040 1037 1076 1094 et
1225 1027 1286 1099 Vs.
1304 1027 1392 1102 549.
1444 1030 1599 1104 Nuntius
1615 1033 1764 1124 mutus]
1816 1030 1856 1102 ld
1876 1046 1946 1119 est,
1973 1037 2114 1128 signum

80 1132 328 1223 Hispanicam.
379 1129 426 1199 Et
450 1154 516 1199 nos
540 1127 714 1199 Germani
744 1123 949 1195 stultissime
973 1126 1074 1195 volu·
1125 1128 1163 1196 in
1188 1133 1328 1222 specula
1349 1134 1477 1202 excitat
1499 1132 1764 1227 lachrymosum
1793 1137 1946 1220 bellum,
1968 1160 2126 1234 conspe:
2224 1168 2231 1177 ·
2268 1190 2271 1217 ,

82 1261 162 1305 mus
178 1232 316 1303 imitari
332 1232 404 1303 illa.
438 1233 516 1306 Dru
531 1229 636 1324 dupli
648 1231 774 1322 beugen
790 1224 862 1318 cufi
874 1228 943 1300 eius
961 1229 1072 1315 &cito
1125 1243 1222 1301 ctum
1244 1233 1385 1326 signum
1408 1261 1427 1304 a
1452 1238 1594 1327 specula
1619 1238 1746 1329 procul
1762 1241 1951 1331 conspicua
1971 1243 2114 1327 visibili,

81 1340 144 1411 tuit
172 1339 222 1411 bie
244 1334 409 1429 6154164,
434 1349 470 1403 et
493 1333 689 1425 geniculati
713 1333 757 1399 ad
786 1330 926 1418 singula
951 1332 1073 1413 verba,
1124 1336 1185 1402 sed
1218 1335 1355 1407 iniicitc
1390 1338 1511 1408 frenos
1543 1340 1643 1434 equis
1672 1340 1897 1427 volucribus,
1930 1345 2113 1430 celeribus,
2229 1416 2238 1437 ,

79 1450 163 1510 scint
198 1462 316 1507 mores
342 1437 485 1506 illarum
513 1436 685 1525 gentium.
739 1432 807 1506 6111
827 1428 1004 1522 ibtutihtt
1025 1431 1072 1520 ici
1123 1436 1287 1509 existimo
1308 1464 1369 1509 ecs
1393 1465 1504 1535 equos
1524 1464 1733 1513 occursuros
1747 1467 1822 1514 esse
1836 1439 2009 1518 hostibus.

79 1540 518 1634 btuiicpffgetobbciten,
545 1539 652 1629 ttici
678 1556 742 1608 uttt
768 1532 1072 1624 cinerisque:
1224 1540 1285 1612 Vs.
1308 1537 1396 1612 553.
1458 1542 1541 1615 Non
1571 1545 1724 1614 multum
1748 1546 1827 1617 viae
1851 1548 2034 1639 perficient
2056 1551 2111 1623 in·

82 1642 227 1739 grew),
245 1661 341 1716 usco
358 1643 520 1734 ecbiceic
538 1642 723 1734 gemtum
740 1636 1071 1728 uerrerueggebet,
1124 1643 1250 1733 terea]
1302 1643 1341 1712 id
1363 1658 1434 1728 est,
1461 1669 1535 1715 non
1557 1647 1683 1736 procul
1705 1648 1835 1717 absunt
1850 1644 1980 1722 hostes.
2030 1716 2033 1721 .

80 1750 171 1818 sicut
195 1742 302 1815 etiam
319 1769 442 1815 coram
465 1747 683 1836 imperatore
707 1752 760 1811 est
778 1739 962 1810 usitatum.
1014 1736 1072 1806 ln-
1224 1744 1302 1817 Vss.
1319 1742 1395 1817 555
1417 1773 1471 1841 sq.
1522 1746 1677 1839 Oportet
1699 1752 1898 1840 praesenti,
1921 1751 2008 1822 lorti
2032 1742 2110 1825 aniss

79 1863 177 1920 terea
203 1849 307 1918 debet
330 1859 424 1918 stare
450 1860 587 1917 erectus
610 1844 726 1938 eapite
751 1854 787 1910 et
817 1853 894 1910 toto
920 1863 1071 1931 corpore
1123 1868 1183 1914 mo
1208 1872 1281 1918 esse
1300 1852 1456 1940 positum
1479 1850 1516 1918 in
1542 1851 1727 1920 doloribus
1750 1851 1887 1938 virum,
1913 1868 1948 1925 et
1968 1866 2109 1944 oportet
2217 1863 2224 1871 '

78 1965 158 2036 etc„
183 1974 258 2022 non
277 1950 385 2021 etiam
412 1950 591 2021 inflectere
608 1945 779 2018 humeros
794 1956 857 2015 aut
881 1938 1071 2014 contrahe·
1123 1947 1238 2018 aDiis
1253 1964 1373 2041 petere
1388 1951 1623 2036 solutionem,
1648 1952 1912 2041 liberationem,
1937 1955 2083 2029 exitum.
2130 1973 2134 1981 '

53 2079 138 2136 re,
169 2066 211 2124 ut
233 2053 346 2149 aliqui
368 2053 507 2123 faciunt
533 2066 597 2125 ete.
656 2048 845 2119 imitamur
865 2059 900 2116 et
922 2047 1072 2118 accersi·
1224 2053 1284 2124 Vs.
1296 2049 1384 2125 557.
1436 2055 1638 2126 Periculum
1657 2055 1869 2130 statinacie
1885 2059 2107 2153 novaculae]

78 2183 158 2228 mus
180 2158 284 2229 nobis
307 2158 514 2251 peregrinas
530 2169 565 2227 et
586 2152 841 2246 nugacissimas
865 2149 1018 2241 ineptias
1035 2160 1072 2219 et
1121 2148 1253 2240 idest,
1286 2157 1358 2226 iam
1389 2158 1591 2249 proximum
1624 2171 1677 2230 est
1696 2159 1908 2250 periculum.
1966 2160 2107 2232 Mutavi

77 2273 194 2353 gestus
220 2274 286 2333 etc.
336 2260 497 2332 Virtutes
520 2271 641 2329 autem
658 2280 734 2326 non
752 2255 940 2323 imitamur
964 2266 1000 2323 et
1015 2252 1070 2321 in·
1121 2257 1279 2347 primum
1302 2285 1445 2330 versum
1471 2286 1513 2331 ex
1528 2258 1723 2331 Theocrito
1750 2262 1819 2333 sic:

75 2365 276 2438 lenlionem
303 2364 430 2435 animi·
1042 2465 1052 2485 .
1165 2373 1305 2451 ’Atrum
1330 2377 1449 2452 καλέω
1467 2381 1562 2453 θεοῦ
1577 2377 1661 2453 οἷον
1678 2374 1802 2454 πάντα
1817 2386 2056 2476 κρατοῦντος,

179 2486 243 2563 Vs,
258 2479 346 2554 537.
397 2480 482 2551 Non
499 2502 542 2547 ex
567 2469 695 2571 scilla]
737 2471 898 2556 ,ituiebtl‘
926 2469 981 2536 vel
1006 2467 1070 2539 all·
1165 2473 1405 2573 ’Λνθροίπων
1426 2489 1575 2576 σωτῆρα
1593 2479 1650 2553 ἐπὶ
1671 2483 1786 2576 ξυροῦ
1799 2479 1871 2576 ἤδη
1887 2480 2058 2566 ἐόντωνέι

78 2591 167 2686 quid
192 2586 321 2657 simile.
1120 2570 1303 2651 Secundus
1325 2607 1448 2653 versus
1466 2598 1518 2654 est
1529 2579 1716 2652 Theocriti
1724 2584 1792 2675 τ4),
1818 2583 1951 2668 idest,
1978 2586 2106 2654 invoco

180 2688 260 2760 Vss.
277 2684 354 2759 537
367 2711 421 2779 sq.
470 2683 816 2765 Rosaenascuntur,
841 2677 964 2773 neque]
981 2672 1070 2771 hye-
1120 2676 1234 2753 filium
1250 2682 1318 2752 Dei
1346 2685 1650 2776 omnipotentem,
1681 2682 1870 2754 bominum
1887 2697 2108 2754 servatorem

78 2788 241 2874 cinthus,
267 2812 384 2883 neque
401 2811 443 2855 ex
463 2810 564 2857 serva
578 2785 738 2869 soboles,
764 2796 894 2853 natura
912 2780 1070 2852 liberalis
1121 2786 1347 2857 existentium
1363 2787 1402 2855 in
1418 2788 1495 2880 ipsa
1513 2788 1712 2868 novacula,
1738 2786 1773 2855 id
1792 2798 1862 2869 est,
1888 2785 1927 2853 in
1942 2809 2109 2875 praesen·

75 2893 265 2986 nascitur]
330 2890 446 2961 Nemo
472 2888 638 2958 fabricat¹
659 2889 727 2959 sibi
758 2887 965 2978 compedes,
996 2884 1070 2958 ibet
1120 2889 1257 2960 tissimo
1287 2889 1460 2982 periculo.
1512 2887 1599 2964 (icit
1632 2885 1741 2982 blilft,
1780 2885 1876 2964 uico
1910 2888 1980 2962 [εἰη
2008 2886 2109 2984 billis

76 3001 153 3092 5111ss
178 2991 235 3084 ili,
260 2997 317 3067 tet
343 2993 438 3086 ibitiss
465 2991 561 3086 cidyt,
587 2992 732 3060 fortuna
759 3011 878 3058 mores
895 2989 1069 3057 imiiaiur.
1119 2994 1212 3087 mehr
1237 3014 1275 3087 ἆυ
1301 3003 1463 3068 strumen
1493 2988 1544 3081 isi,

77 3099 119 3169 ln
138 3099 213 3167 vita
235 3096 432 3189 Pomponii
456 3089 566 3167 Attici
576 3094 623 3191 ⁷¹)
648 3108 700 3164 est
722 3086 875 3162 dictum:
909 3088 972 3161 sui
996 3088 1070 3158 cui·
1220 3096 1282 3167 Vs,
1305 3093 1393 3166 561.
1445 3095 1499 3164 Sit
1517 3090 1609 3165 mihi
1631 3105 1793 3176 tantum,
1820 3106 1994 3186 quantum
2019 3120 2109 3189 opus

80 3225 150 3296 que
166 3223 284 3271 mores
304 3200 488 3269 fortunam
512 3198 659 3267 iaciunt.
709 3194 773 3265 Est
794 3217 918 3262 verum
943 3193 986 3261 de
1008 3190 1069 3260 illa
1120 3198 1199 3290 est]
1250 3197 1349 3291 Opto
1374 3197 1497 3267 amicis
1520 3197 1654 3280 multa,
1679 3208 1720 3265 ut
1753 3194 1893 3288 possint
1917 3198 2002 3267 dare
2030 3199 2108 3269 aliis

76 3304 224 3396 politica
257 3303 534 3384 consuetudine,
566 3299 779 3391 perfidiosus
815 3308 867 3365 est
904 3294 943 3362 in
972 3293 1068 3363 odio.
1119 3299 1289 3391 pecunias
1318 3300 1569 3384 inimieorum,
1601 3299 1639 3368 id
1668 3310 1739 3383 est,
1773 3310 1813 3368 ut
1847 3297 1919 3368 sint
1956 3300 2108 3372 victores

75 3406 266 3478 Homicida
290 3400 415 3474 haeret
438 3405 475 3473 in
491 3404 617 3495 poenis
640 3400 823 3470 divinitus.
872 3394 961 3466 Item
987 3418 1069 3486 per·
1120 3402 1363 3474 inimicorum.

77 3511 193 3582 iurus:
218 3507 364 3577 Atrocia
382 3508 509 3577 delicta
523 3506 724 3597 puniuntur
737 3499 917 3570 atrocibus
931 3497 1069 3591 poenis.
1222 3505 1300 3576 Vss.
1317 3502 1392 3576 563
1410 3531 1488 3598 sqq.
1539 3500 1695 3575 xxxiv,
1720 3501 1775 3572 De
1804 3501 1982 3574 convivio.-

76 3614 170 3686 Sunt
183 3635 269 3682 vera
284 3613 329 3680 de
344 3610 490 3702 politica
506 3608 655 3699 iustitia,
681 3608 724 3675 de
739 3602 940 3694 disciplina.
966 3600 1068 3668 Aliae
1222 3607 1300 3678 ves,
1318 3606 1393 3678 563
1413 3641 1458 3655 -
1474 3603 1562 3679 568,
1613 3607 1652 3676 si
1675 3606 1813 3676 voceris
1834 3606 1874 3672 in
1890 3605 2107 3690 convivium,

78 3729 165 3800 sunt
184 3737 330 3796 canisae,
354 3738 466 3806 quare
489 3712 600 3805 aliqui
616 3711 655 3777 in
671 3706 829 3779 Ecclesia
853 3703 1068 3794 affligantur.
1121 3711 1207 3781 utile
1238 3724 1291 3781 est
1322 3714 1444 3780 sedere
1476 3712 1574 3801 apud
1600 3711 1738 3779 bonum
1766 3708 1906 3790 virum,
1935 3706 2107 3778 scientem
2198 3702 2207 3707 ’

181 3816 261 3886 Vss.
276 3812 349 3887 541
368 3841 420 3908 sq.
473 3814 620 3897 Metuo,
645 3836 691 3880 ne
708 3806 802 3880 hanc
817 3807 1000 3876 civitatem
1015 3804 1071 3874 in·
1122 3837 1267 3882 omnem
1302 3813 1536 3904 sapientiam,
1576 3823 1619 3882 ut
1654 3811 1851 3902 intelligas,
1890 3809 2106 3892 consideres,

78 3917 239 3998 iustitia,
265 3916 473 3995 insolentia,
498 3917 615 4006 sstcp,
640 3917 780 4002 perdat,
807 3934 899 4004 quae
916 3907 1071 3980 Centau·
1122 3918 1267 4010 quando
1289 3917 1384 3985 dicat
1415 3915 1553 4009 aliquid
1572 3915 1775 4007 sapienter,
1808 3924 1849 3983 ut
1872 3910 2004 3994 discas,
2037 3907 2106 3981 hoc

10 4022 13 4031 ’
67 4046 140 4092 ros
163 4018 374 4089 crudivorcs
395 4016 580 4108 perdidit]
618 4016 729 4105 &tols
755 4018 824 4111 cub
851 4015 946 4104 551115
970 4036 1070 4080 ever·
1120 4015 1256 4089 habens
1277 4020 1415 4089 lucrum
1443 4019 1564 4088 abiens
1594 4018 1634 4085 in
1656 4019 1817 4086 domum.
1875 4013 1981 4084 Ludo
2011 4015 2106 4086 dele-

75 4127 123 4194 tii
144 4133 278 4215 gentes·
319 4115 430 4214 ὕβρις
457 4120 565 4187 eliam
593 4115 859 4208 1¹⁰⁸Perdiifii,
890 4128 926 4182 θῑ
951 4113 1070 4206 Perdit
1121 4135 1221 4193 etam
1245 4146 1302 4191 me
1317 4122 1481 4201 iuventa;
1509 4121 1570 4190 diu
1588 4119 1683 4189 enim
1699 4121 1765 4190 sub
1789 4131 1886 4188 terta
1901 4117 2025 4189 iacebo
2042 4117 2107 4188 sic-

44 4225 262 4323 'quctidie,
284 4239 381 4297 tcettu
408 4224 497 4295 ticet
521 4218 684 4315 11516111,
711 4215 825 4313 tilithi,
858 4239 933 4284 110ss
956 4216 1070 4287 consi·
1120 4237 1161 4296 ut
1193 4226 1313 4317 lapis]
1387 4222 1427 4292 ld
1455 4236 1527 4307 est,
1562 4225 1672 4305 vade,
1704 4220 1838 4292 laetare
1866 4220 1914 4313 issi
1933 4221 2008 4291 vita
2033 4233 2106 4292 tua.

78 4334 200 4412 derat,
227 4350 381 4420 quarum
408 4348 531 4394 rerum
559 4326 688 4395 modus
714 4348 789 4395 esse
805 4321 944 4390 debeat.
1119 4326 1422 4422 Ecclesiastes⁷³):
1445 4325 1606 4395 Tristitia
1621 4322 1753 4393 cecidit
1768 4319 1966 4407 hominem,
1983 4337 2018 4394 et
2029 4346 2105 4394 non

181 4429 259 4501 Vss.
274 4422 506 4500 sis-545.
558 4427 712 4520 Oportet
735 4450 793 4496 me
810 4424 855 4493 ad
876 4422 1007 4492 libram
1034 4435 1070 4490 el
1121 4443 1173 4501 est
1194 4429 1328 4501 utilitas
1345 4428 1431 4501 eius.
1485 4427 1620 4498 Sufficit
1642 4426 1714 4495 diei
1739 4425 1884 4495 afflictio
1899 4449 1976 4497 sua.

76 4537 125 4606 ad
146 4533 326 4603 rationem
351 4531 511 4603 iudicare
535 4553 697 4613 eausam,
724 4530 883 4598 tribuere
903 4523 1067 4618 aequalia
1221 4533 1300 4604 Vss.
1326 4529 1402 4603 569
1424 4557 1477 4624 sq.
1529 4529 1576 4600 Et
1596 4529 1799 4623 relinquam
1819 4541 1960 4620 gratum
1981 4528 2104 4598 lumen

76 4638 222 4732 utrique
249 4634 345 4727 parti
367 4631 536 4704 adhibitis
560 4631 699 4703 vatibus
722 4644 758 4701 ei
779 4627 938 4721 auguriis
961 4641 997 4697 el
1011 4651 1067 4696 tr·
1119 4637 1224 4721 solis,
1258 4660 1478 4730 quamquam
1511 4636 1627 4705 bouus
1658 4634 1829 4715 existens,
1861 4643 1982 4701 tamen
2012 4626 2103 4698 nihil

77 4743 245 4813 dentibus
262 4738 419 4829 osculis]
458 4735 577 4820 idest,
604 4731 763 4805 adhibita
780 4731 967 4824 religione,
993 4752 1067 4800 non
1120 4740 1273 4830 amplius
1293 4734 1454 4836 videbo]
1505 4738 1604 4807 Utile
1626 4735 1822 4833 escheden
1836 4737 1931 4825 apud
1947 4735 2103 4825 pmden.

78 4847 193 4918 debeo
222 4855 451 4914 contemnere
473 4841 697 4930 religionem.
1118 4855 1202 4911 tem.
1254 4837 1355 4912 Nihil
1378 4854 1429 4911 est
1452 4841 1609 4922 drilcius,
1645 4861 1752 4933 quam
1779 4859 1852 4908 esse
1875 4837 1914 4904 in
1936 4836 2102 4905 concivio

179 4960 241 5030 Vs.
258 4955 347 5031 546.
399 4946 458 5030 Ne
473 4953 626 5028 habeam
651 4970 755 5048 turpe
779 4952 953 5048 probrum
969 4972 1067 5020 erro·
1118 4939 1307 5015 hominum
1325 4944 1546 5035 sapientum,
1573 4940 1693 5036 quide
1709 4941 1816 5011 rebus
1831 4939 1935 5009 bonis
1949 4940 2104 5033 loquum·

69 5062 155 5146 ris,
181 5063 373 5146 stultitiae,
401 5061 531 5133 delicti.
1119 5060 1196 5128 tur,
1222 5048 1318 5138 apud
1336 5047 1512 5130 sinceros,
1538 5056 1573 5115 et
1595 5043 1806 5135 praesertim
1829 5043 1925 5134 apud
1946 5054 2102 5135 quosest

555 5343 561 5355 ,
803 5341 808 5352 ,
1151 5284 1200 5341 se)
1220 5281 1357 5360 msceres
1379 5282 1460 5362 rayu.
1485 5282 1651 5363 ωηο,
1674 5281 1719 5331 usi
1740 5279 1814 5340 ivero
1838 5276 1865 5329 m
1886 5277 1934 5327 uc.
1953 5273 2101 5333 erasum.

119 5345 196 5405 roe)
214 5342 256 5410 iti
273 5345 382 5412 cicccc]
402 5343 577 5407 sicserips13
596 5343 646 5395 iit.
662 5342 738 5395 tusc.
758 5351 879 5406 ttctttru.
1186 5355 1248 5403 icoc
1267 5362 1376 5413 ww„
1394 5352 1511 5413 pm„
1529 5364 1660 5413 „mm

113 5445 168 5508 11)
187 5445 299 5500 cornei.
315 5446 428 5510 Nepotis
437 5445 547 5495 Atticus
567 5443 616 5509 11,
633 5440 660 5493 ⁸.
1150 5436 1197 5501 71)
1216 5432 1434 5488 Ecclesiasticus
1451 5433 1502 5574 108,
1517 5434 1561 5537 2⁵·
