4778 6240
188 277 267 351 741Ι
381 274 486 350 XCll.
537 274 821 349 Enaauarto
845 276 1062 352 COMOED.
1086 274 1332 367 TERENle.
1384 280 1420 351 8.
1431 277 2030 387 Ἰ1111411Το0171101101111110.
2140 296 2215 387 744

187 474 272 522 vum
288 451 398 521 decet.
494 445 555 517 Vs.
570 448 640 537 21..
661 451 797 540 Baton]
821 447 965 521 Levitas
981 450 1176 521 meretricis
1228 447 1352 520 Credit
1368 475 1405 521 se
1423 450 1621 543 intelligere
1642 455 1832 527 fallaciam.
1935 460 2213 541 Vs.15.1de,s

184 552 288 624 facile
311 572 514 642 persuasae.
1145 626 1150 633 ,
1222 551 1388 647 prosena]
1423 550 1548 624 Cicero
1571 579 1639 647 pro
1664 556 1833 651 Quintio:
1874 556 1912 629 ld
1937 578 2014 633 erat
2040 567 2211 656 prolecto,

1226 656 1412 726 credamus
1427 650 1563 752 hoc⁸⁸).
1651 654 1712 730 Vs.
1728 662 1790 734 20.
1816 664 2014 737 Menam
2031 671 2211 759 indumen]

1226 751 1383 846 Corrigit
1398 769 1536 850 patrem
1552 761 1597 828 de
1615 760 1723 831 nimia
1740 764 1973 855 indulgentia.
2024 772 2086 840 Me
2096 770 2210 858 factu.

287 857 359 927 Pet
389 855 568 926 fallaciam
591 853 702 945 Syrus
723 854 769 922 ab
793 849 882 925 hero
905 852 1093 927 Chremeta
1116 881 1171 926 ar·
1225 851 1328 954 ram]
1354 856 1433 928 Hoc
1449 860 1595 930 mirifice
1612 864 1764 954 placebit
1781 864 1930 941 Cliniae.

183 972 330 1053 gentum
354 957 494 1053 accipit.
543 956 745 1025 Menedemi
763 951 934 1027 Chremes
947 983 1088 1029 rursum
1105 961 1170 1026 mi-

182 1075 320 1134 seretur
335 1061 381 1131 ob
397 1061 598 1130 traductam
615 1059 661 1127 ad
681 1057 781 1128 illum
807 1084 887 1127 cum
914 1060 1014 1128 omni
1036 1086 1168 1153 pompa
1451 1030 1561 1102 ΑΜ*
1576 1029 1620 1103 v·
1651 1031 1804 1106 &⁸¹¹st
1827 1035 1977 1129 Arium·

182 1178 428 1257 sumptuosam
444 1157 682 1244 Bacchidem,
709 1186 819 1255 quum
840 1159 997 1246 Cliniae,
1023 1186 1097 1232 non
1113 1164 1169 1235 sui
1323 1161 1380 1232 Ad
1400 1162 1532 1233 exitum
1558 1163 1630 1235 iam
1655 1184 1870 1260 properante
1892 1174 2098 1256 comoedia,
2123 1175 2203 1269 Syri

182 1266 246 1335 hlii
263 1268 415 1335 amicam
434 1276 546 1355 putat.
1220 1261 1358 1330 fallacia
1388 1266 1583 1355 detegitur,
1626 1282 1665 1339 ut
1695 1270 1833 1343 Cliniae
1865 1275 1977 1345 nubat
2007 1273 2203 1368 Antiphila.

284 1368 347 1439 Vs.
366 1370 397 1439 1.
433 1365 661 1455 ltameDii.]
688 1363 816 1433 Obiter
841 1374 876 1433 et
891 1360 1061 1435 Chremes
1085 1389 1167 1455 pro·
1219 1360 1434 1436 Bacchidem
1462 1366 1676 1459 Clitiphonis
1697 1397 1771 1444 esse
1799 1375 1951 1445 amicam
1972 1377 2204 1449 Menedemus

182 1470 345 1553 ducitur,
378 1482 419 1538 nt
443 1466 555 1557 magis
580 1479 769 1557 appareat,
814 1480 987 1559 quantum
1010 1468 1167 1537 fallatur.
1221 1467 1387 1538 ostendit.
1716 1470 1719 1475 ’

170 1564 243 1646 'Vn
260 1573 297 1648 9.
330 1564 514 1669 Δάωὶνίἒ]
541 1569 733 1648 Adoritur,
767 1567 830 1659 qui
854 1567 1022 1638 insidiose
1046 1568 1166 1637 celeri·
1319 1567 1380 1639 Vs.
1401 1572 1433 1639 1.
1467 1574 1537 1661 Epo
1554 1578 1798 1668 auctoritem]
1823 1574 1992 1649 Facetum
2016 1580 2201 1650 exordium

182 1689 237 1749 ter
263 1676 412 1744 invadit.
528 1669 591 1741 Vs.
617 1670 674 1740 13.
707 1672 824 1753 Bosa,
856 1671 994 1763 hercle]
1024 1668 1164 1739 Blanda
1218 1668 1405 1738 stultitiam
1445 1669 1643 1743 Chremetis
1680 1678 1955 1751 declaraturum.
2078 1681 2138 1753 Vs.
2166 1682 2202 1755 4.

180 1776 394 1847 attrectatio.
505 1771 566 1843 Vs.
590 1771 649 1847 18.
689 1776 810 1842 Veram
834 1772 935 1864 dicu]
969 1772 1167 1867 elpwsaauic
1217 1770 1375 1867 view)
1395 1770 1614 1871 irrotulata]
1633 1774 1801 1845 Convicia
1823 1780 2035 1854 instultum.
2094 1782 2201 1856 Vah.

181 1905 307 1951 verum
325 1880 422 1948 dicit.
474 1873 567 1946 Nam
584 1897 647 1965 per
666 1898 745 1942 eam
769 1873 957 1942 veritatem
977 1899 1077 1945 senes
1100 1874 1166 1944 fal·
1216 1875 1354 1943 Dictum
1369 1886 1418 1945 est
1433 1877 1586 1967 centies]
1614 1873 1800 1968 Ingenium
1817 1880 1996 1951 Sostratae
2018 1886 2201 1975 stupidum

177 1980 315 2051 luatur.
408 1974 470 2047 Vs.
489 1976 550 2051 23.
577 1980 738 2065 Superest
747 1970 937 2072 [alianae]
961 1976 1084 2046 Altera
1101 1976 1165 2044 ial-
1216 1985 1331 2045 notat.
1409 1975 1469 2046 Vs.
1489 1979 1546 2046 10.
1567 1975 1758 2072 Advenisi]
1784 1982 1965 2053 Gaudium
1984 1985 2027 2055 de
2045 1989 2202 2061 adventu

178 2081 291 2152 laciae
307 2106 401 2173 pars.
467 2076 529 2151 Vs.
545 2079 606 2152 28.
637 2070 851 2173 Turdam]
876 2074 1165 2169 lucrepatChre·
1216 2074 1322 2146 senis.
1426 2076 1484 2148 Vs.
1507 2079 1566 2149 18.
1591 2083 1813 2177 Halalae]
1838 2080 2040 2158 Interiectio
2064 2092 2200 2180 profusi

178 2183 284 2253 metis
301 2185 518 2251 tarditatem.
620 2178 1164 2273 Vs.39.1acoept.]nbaum
1217 2173 1392 2249 cachinni.
1494 2178 1555 2250 Vs.
1575 2180 1633 2252 14.
1659 2186 1923 2281 atoniacam]
1949 2186 2200 2281 Metaphoraa

178 2286 284 2355 ritate
301 2280 498 2353 Chremetis
514 2282 625 2351 comis
640 2281 815 2375 loquutio.
907 2280 968 2353 Vs.
985 2279 1046 2354 45.
1071 2286 1165 2353 lliai
1216 2279 1343 2371 figulis.
1455 2279 1516 2353 Vs.
1537 2281 1596 2355 16.
1635 2288 1834 2381 reseratae]
1868 2288 1941 2383 Qui
1962 2305 2062 2363 vetus
2086 2308 2139 2367 est
2161 2295 2200 2365 in

178 2391 220 2458 ele
246 2389 414 2477 arpenta]
450 2383 542 2452 Mira
570 2396 646 2452 arte
670 2398 819 2477 argento
845 2387 1005 2477 emungit
1030 2412 1163 2456 senem.
1216 2382 1357 2452 astutia.
1460 2382 1520 2454 Vs.
1540 2381 1603 2458 24.
1638 2391 1704 2473 Qasi
1727 2388 1798 2458 alia
1820 2400 1891 2461 tam
1909 2394 2038 2487 pleae]
2070 2394 2199 2467 Faceta

178 2487 239 2558 Vs.
263 2484 324 2558 45.
360 2492 409 2558 Eo
431 2510 521 2556 aaac
545 2485 746 2579 consopire]
780 2487 895 2557 Solvit
919 2489 1077 2559 rationes
1101 2489 1163 2557 ob-
1217 2484 1254 2552 in
1268 2487 1453 2575 deceptum
1479 2486 1608 2556 ironia·
1711 2486 1849 2563 Vnst.
1884 2496 1990 2564 Mitto
2012 2500 2107 2588 iam]
2131 2498 2200 2569 Oc-

175 2589 360 2662 iiciendas.
488 2587 550 2657 Vs.
572 2588 633 2659 51.
669 2592 760 2675 Quia
782 2593 935 2684 apamea]
969 2592 1163 2661 Persuasus
1216 2589 1370 2676 cupatio.
1487 2595 1549 2661 sa
1569 2590 1654 2660 mitt
1675 2593 1833 2685 ultimis]
1864 2595 1990 2685 Aperit
2011 2599 2199 2671 fallaciam.

176 2688 348 2763 Chremes
362 2703 549 2783 argentum
565 2687 718 2762 exhibet.
783 2693 843 2764 Vs.
860 2689 921 2764 55.
949 2692 1163 2786 conficiam]
1215 2687 1276 2759 Vs.
1291 2690 1351 2760 81.
1377 2695 1519 2762 Dictum
1529 2690 1687 2782 factum]
1713 2696 1926 2783 Apollonius
1940 2699 2199 2789 Argonautico-

174 2795 249 2865 Pro
265 2796 435 2877 efficiam,
458 2795 566 2862 verba
583 2794 798 2864 celeritatem
817 2796 1024 2866 indicantia.
1216 2814 1296 2863 rum
1320 2807 1468 2885 quarto:
1502 2792 1585 2866 ἔνθ’
1608 2793 1692 2875 ἔπος
1712 2790 1779 2889 ἠδὲ
1799 2790 1865 2869 καὶ
1887 2794 1998 2898 ἔργον
2020 2796 2117 2895 ὁμοῦ
2136 2800 2201 2877 πέ-

380 2964 489 3033 Aclffl
504 2959 565 3034 lv·
598 2962 710 3034 scena
724 2960 784 3036 Vl*
809 2966 959 3057 Argum·
1215 2892 1364 3087 hetlinlhh
1380 2894 1656 3069 amoriiltniie.
1677 2899 2200 3100 mill'sbidheilliohiril'dliiiiiiiill

279 3099 447 3172 lrascitur
463 3095 639 3192 Clitipho,
673 3102 807 3195 aSyro
832 3104 1014 3194 placatur,
1046 3100 1161 3170 eidem
1216 3096 1372 3169 Honesta
1389 3099 1426 3167 in
1444 3124 1482 3169 re
1498 3101 1595 3191 turpi
1611 3099 1793 3170 insultatio
1810 3102 1848 3171 in
1864 3130 1997 3177 senem.
2063 3106 2122 3178 Vs.
2139 3107 2198 3180 40.

174 3206 457 3298 praescribente,
495 3205 625 3296 quibus
647 3208 701 3274 uti
724 3228 810 3273 mor
835 3205 962 3277 debeat
986 3204 1105 3274 verbis
1128 3214 1163 3272 et
1216 3201 1571 3293 possessamque]
1596 3200 1754 3273 Honesta
1771 3201 1991 3303 iicieapffl).
2069 3208 2127 3280 Vs.
2139 3209 2198 3284 42.

176 3307 341 3378 oratione
356 3308 450 3398 apud
467 3320 628 3396 patrem,
651 3330 719 3398 pro
738 3309 852 3378 amica
879 3309 925 3376 ab
949 3307 1013 3375 illo
1037 3327 1164 3399 argen-
1215 3307 1285 3393 Epo
1304 3310 1508 3393 succenseo]
1532 3304 1702 3375 Chremes
1720 3306 1927 3396 indignatur
1948 3310 1988 3379 iu
2009 3335 2048 3399 se
2071 3310 2199 3403 ipsum.

173 3422 250 3482 tum
273 3423 494 3502 accepturus.
1214 3404 1275 3475 Vs.
1290 3402 1352 3475 46.
1385 3412 1478 3479 Illam
1498 3407 1596 3499 iam]
1627 3407 1857 3501 Aposiopesis
1880 3410 1974 3481 irato
2001 3412 2199 3487 familiaris.

275 3512 337 3584 Vs.
355 3512 392 3582 6.
427 3514 548 3585 Omnes
569 3518 635 3584 Dii
654 3515 839 3610 Deaeque]
873 3508 1086 3602 imprecatio
1107 3506 1163 3578 ni·
1213 3505 1275 3577 Vs.
1292 3502 1353 3580 52.
1386 3512 1454 3579 Fur
1474 3520 1506 3578 te
1529 3510 1627 3598 esse]
1653 3508 1793 3577 Recolit
1816 3536 1856 3580 ac
1880 3525 2065 3609 retorquet
2085 3516 2199 3587 consi-

173 3612 285 3682 mium
303 3614 559 3684 inconsiderati
584 3618 750 3688 amantis.
853 3612 913 3685 Vs.
930 3615 991 3683 11.
1016 3617 1073 3686 lte
1093 3635 1163 3682 Μ-
1213 3609 1303 3679 lium
1328 3612 1465 3678 datum.
1587 3608 1647 3677 Vs.
1664 3604 1727 3679 56.
1761 3615 1830 3680 Per
1845 3613 2047 3707 amittam]
2080 3613 2196 3688 Verba

174 3715 292 3807 citata]
314 3713 441 3805 lugens
458 3715 611 3784 amantis
626 3720 748 3788 ardor.
1214 3709 1321 3804 rigidi
1340 3710 1464 3802 patris.
1571 3707 1634 3779 Vs.
1649 3704 1712 3781 65.
1739 3713 1829 3795 outa
1851 3711 2062 3809 obticuistiil
2087 3716 2199 3788 Tace·

1215 3838 1294 3882 mus
1312 3812 1480 3893 consilia,
1502 3811 1692 3882 reticemus
1709 3814 1869 3898 dolores,
1896 3818 2093 3888 obticemus
2108 3845 2198 3913 quo·

1214 3938 1296 3985 rom
1312 3938 1378 3985 nos
1394 3916 1515 4006 pudet.
1602 3911 1664 3986 Vs.
1680 3913 1741 3985 70.
1766 3918 1809 3986 ld
1824 3920 1976 4012 mirari]
1999 3920 2195 3992 Consilium

277 4016 448 4092 Chremes
471 4033 657 4111 argentum
684 4021 823 4102 adfert,
857 4021 955 4113 quod
980 4020 1040 4088 det
1062 4018 1162 4089 Cliti·
1214 4015 1413 4089 Chremetis
1428 4016 1637 4108 perturbati.
1702 4014 1763 4088 Vs.
1782 4016 1843 4088 74.
1870 4022 1982 4112 Sina]
2007 4021 2196 4094 Concessio

174 4119 302 4219 phoni.
361 4125 418 4193 ad
441 4137 662 4214 postremum
689 4124 852 4216 queritur
873 4126 918 4191 de
941 4135 1086 4212 surrsptu
1111 4123 1161 4191 la·
1215 4121 1296 4190 irati
1314 4130 1437 4190 contra
1453 4119 1684 4211 pertinacem.
1774 4117 1836 4190 Vs.
1854 4121 1914 4191 77.
1941 4128 2032 4194 Adeo
2044 4150 2197 4196 exman-

173 4229 301 4298 ciendo
318 4226 412 4295 filiae
435 4249 552 4297 causa.
1186 4222 1314 4319 ¹tressa]
1347 4222 1490 4294 Novum
1512 4222 1710 4311 periculum
1736 4218 1970 4312 Clitiphonis,
2011 4252 2054 4294 nc
2080 4243 2197 4297 motus

396 716 506 790 Actus
523 714 573 787 1v
574 768 583 788 .
609 716 720 786 Scena
739 715 784 788 V.
810 716 960 810 Argum.

380 3881 489 3954 hctus
503 3881 563 3955 lV.
589 3883 702 3953 Scena
715 3881 790 3953 Vll.
808 3884 958 3974 Argum.

193 4398 204 4423 Ι
275 4329 337 4401 Vs.
352 4334 389 4403 2.
415 4333 509 4401 Dtat
519 4330 681 4421 pleraque
697 4329 838 4418 amaia]
863 4324 1023 4395 Audacia
1048 4337 1084 4393 et
1105 4348 1161 4393 ar·
1214 4327 1265 4392 illi
1281 4324 1484 4415 superiores
1498 4335 1645 4413 repente
1664 4323 1909 4396 consilescant.
1982 4325 2042 4397 Vs.
2057 4328 2117 4398 80.
2141 4333 2196 4400 lta
2307 4382 2312 4395 .

172 4432 338 4525 rogantia
354 4432 469 4516 servi,
495 4427 601 4501 herili
615 4430 690 4499 lilio
705 4426 864 4524 heroque
890 4428 959 4519 ipsi
982 4426 1161 4519 imperan-
1213 4430 1343 4497 aseDii
1356 4425 1497 4516 amena]
1519 4422 1769 4495 Proverhium.

174 4538 231 4609 tis.
316 4533 377 4604 Vs.
394 4532 430 4605 7.
456 4537 580 4607 Minos
596 4528 758 4631 paidom]
785 4532 911 4602 Tenax
928 4531 1161 4626 conqueritur
1184 4504 1190 4629 l
1440 4572 1550 4646 mm
1562 4572 1608 4645 v·
1633 4574 1745 4645 scena
1761 4570 1803 4646 fl·
1827 4524 1976 4667 Krgum·

174 4640 218 4707 de
234 4638 368 4707 damno
384 4659 449 4726 per
465 4637 575 4706 filiam
592 4647 709 4707 aucto.

1185 4654 1190 4789 l
1317 4705 1559 4800 Clitiphonem
1573 4710 1688 4781 fllium
1702 4711 1869 4803 obiurgat
1883 4726 2032 4806 propter
2045 4715 2195 4785 amicam

365 4801 475 4870 Actus
492 4798 552 4871 lV·
579 4799 692 4870 Stena
706 4798 796 4872 Vlll·
821 4804 971 4893 Argum·
1185 4798 1191 4901 l
1213 4825 1333 4908 pater3
1356 4814 1466 4906 idque
1479 4815 1571 4883 adeo
1586 4814 1646 4898 lit,
1671 4826 1713 4885 ut
1731 4813 1782 4886 sic
1802 4817 2008 4889 admonitus
2024 4818 2146 4889 redeat
2159 4817 2197 4889 iu

276 4935 475 5009 lucundum
505 4932 614 5006 habet
644 4959 803 5006 errorem
835 4933 1054 5018 Chremetis,
1098 4934 1162 5030 qui
1214 4918 1329 5000 viam,
1355 4928 1390 4985 et
1403 4911 1583 4986 Bacchide
1596 4915 1741 5000 relicta,
1767 4941 1915 4990 uxorem
1932 4922 2050 4993 ducat.
2102 4918 2196 4991 Con·

174 5042 426 5115 Menedemum
442 5038 517 5108 falli
534 5049 654 5128 putat,
681 5040 765 5107 dum
783 5039 858 5130 ipse
874 5038 1023 5109 fallitur.

277 5142 339 5214 Vs.
359 5145 393 5213 1.
418 5145 533 5215 Multo
544 5135 721 5239 omnium]
744 5141 883 5210 Sensim
902 5140 1018 5232 pergit
1032 5164 1095 5222 eo,
1121 5152 1162 5209 ut
1245 5150 1297 5210 st)
1315 5153 1375 5201 uos
1392 5150 1479 5201 scoot
1496 5148 1525 5199 tn
1542 5146 1679 5199 nim.
1698 5146 1817 5212 tenus,
1834 5148 1863 5199 ta
1879 5145 2095 5210 mecm,
2108 5146 2195 5210 tots..

174 5246 294 5338 palam
322 5246 385 5314 liat
408 5269 544 5316 errasse
563 5241 807 5327 Chremetem,
839 5254 881 5313 ut
903 5243 942 5312 in
963 5242 1090 5334 epitasi
1109 5243 1162 5311 la·
1247 5217 1681 5366 ῃζτώἕῇοῗῇῗωηὶ
1704 5302 1755 5353 η
1772 5299 1863 5352 vm,
1882 5298 1986 5351 m„

173 5348 280 5418 hulae
298 5344 420 5415 omnia
439 5347 621 5418 servulum
637 5346 785 5416 consilia
806 5345 944 5417 fallant.
1045 5343 1107 5414 Vs.
1125 5342 1161 5414 7.
1248 5392 1299 5452 a)
1319 5394 1377 5442 uso
1392 5391 1478 5457 susat
1494 5390 1523 5445 p,
1540 5386 1682 5440 mm,
1701 5387 1849 5440 „mm

174 5448 331 5542 Quaem]
356 5448 653 5542 obiurgatorium
674 5462 738 5523 est.
840 5446 903 5521 Vs.
922 5451 981 5525 12.
1006 5439 1161 5544 mato]
1245 5475 1295 5542 ss)
1313 5478 1373 5528 stoc
1390 5474 1478 5528 suot.
1495 5474 1526 5525 u
1542 5474 1592 5525 te
1601 5470 1689 5611 θεὲ
1705 5470 1818 5535 testere.

2280 5258 2292 5299 l
