4778 6240
54 236 132 314 au
185 241 187 246 v
463 220 618 297 urm
673 214 1073 294 mrnnnnnrsrro
1100 206 1434 290 ocrlmmnuu
1464 214 1676 296 omnint
2019 162 2095 306 reu
2198 162 2201 167 ⁴

161 403 222 453 ιω
239 396 386 450 prm-pm
404 395 579 446 paginarum
597 394 628 451 et
644 389 758 443 Pindari
774 389 853 441 initio
869 388 1104 441 considerandam
1120 390 1173 440 est.
1212 388 1315 440 Putea
1337 387 1492 455 cogitetur,
1520 390 1557 441 sd
1580 389 1644 454 quid
1665 390 1756 453 prosit
1779 391 1893 446 Pindari
1916 395 2007 451 lectio.
2047 404 2086 454 ut

54 473 137 528 multi
154 471 203 522 alil
221 471 321 531 poetae
338 468 366 517 et
384 465 538 528 scriptores
557 461 682 512 bistorlci
700 464 781 510 extra
798 459 970 522 licclesiam,
992 460 1112 509 narrant
1130 457 1179 509 alii
1197 458 1269 508 alias
1287 457 1438 516 historias,
1464 460 1493 508 et
1517 459 1642 509 intexunt
1660 461 1817 511 sententias
1836 466 1864 513 et
1881 464 2082 521 admonitiones
2194 460 2202 475 '

55 545 135 595 „mg
151 540 252 604 uum,
270 541 300 587 ug
319 538 472 595 pronepus,
490 532 648 583 llerodotus
667 530 696 580 et
713 529 779 580 aiil:
801 529 842 577 ita
860 526 997 578 Pindarus
1016 536 1144 592 magum
1160 528 1267 589 partem
1284 526 1389 578 veteris
1406 526 1532 578 Graecae
1549 528 1684 579 historiae
1702 530 1818 594 recitat,
1841 531 2004 598 Pelopidas,
2027 539 2086 589 Ar·

55 613 215 679 gonautas,
238 605 392 666 Aeacidas,
417 610 533 668 quorun
550 597 684 650 memoria
701 595 850 660 praecipue
867 595 1032 648 delectetur.
1073 595 1142 646 iiam
1161 595 1258 647 ordine
1275 596 1410 659 sucum,
1440 596 1538 647 dende
1555 596 1654 661 Pelea,
1679 599 1872 662 Telamonem,
1902 604 2037 656 sublilem
2054 608 2084 657 et

57 681 173 732 gracum
189 664 341 739 praedicat.
375 673 482 722 baudai
500 671 529 719 ct
546 670 646 729 urbes,
665 670 694 716 et
712 664 880 728 quarundam
898 663 979 713 initia
995 665 1205 715 commemorat:
1231 665 1262 712 ut
1274 663 1402 726 cyrnres
1421 666 1449 714 et
1461 666 1623 719 dbebarum.
1657 667 1782 716 Athenas
1799 680 1859 718 cum
1877 682 1944 732 prae
1961 674 2082 723 caeteris

57 748 220 808 mmet,
250 744 314 793 mg
333 740 453 793 nemi
470 739 601 790 mulctam
618 736 645 786 el
664 735 839 798 indixerunt,
873 744 955 796 quam
971 732 1174 800 Athenienses,
1205 745 1267 785 cum
1287 733 1394 784 nollent
1411 733 1438 783 ei
1455 734 1589 798 melum,
1620 735 1691 799 quod
1710 735 1782 799 ipsis
1800 738 1954 805 tribuerat,
1985 741 2085 794 damno

64 829 148 880 esse,
174 813 330 867 solverunt
609 813 619 863 1

143 900 268 964 Legatur
291 906 360 960 ergo
378 893 517 944 eluderes
540 893 654 954 propter
677 892 800 940 veterem
823 884 984 953 historin,
1011 885 1177 951 praesertim
1200 899 1262 937 cnm
1283 886 1371 937 inulta
1386 889 1501 954 narret,
1525 899 1596 950 puae
1612 899 1748 953 nusquam
1765 889 1831 940 aiibi
1849 893 1953 945 extant.
1995 897 2091 958 Quae·

59 971 125 1023 dam
141 969 279 1019 interdum
297 964 400 1015 tabuiis
418 962 552 1012 invoivit:
583 963 615 1009 ut
632 971 692 1009 cum
709 958 764 1021 ait,
794 956 939 1005 tenuium
956 954 1080 1017 punitam
1098 967 1179 1018 esse,
1211 955 1283 1018 quod
1298 955 1437 1006 adbibitus
1455 956 1490 1006 ad
1507 958 1629 1007 Deorum
1646 959 1761 1021 epulas,
1792 961 1960 1011 ambrosian
1978 963 2089 1015 tantu.

61 1040 118 1104 ait,
140 1046 201 1103 'ouo
219 1035 365 1085 involucro
383 1031 521 1096 siguificat
541 1029 662 1093 aliquam
679 1025 824 1089 religionis
842 1023 1029 1075 violationem.
1065 1023 1324 1088 Bellerophonten,
1339 1025 1443 1088 lupuit,
1470 1038 1531 1075 cum
1549 1027 1658 1089 Pegaso
1676 1030 1773 1077 rectus
1789 1039 1874 1091 saepe
1893 1030 2011 1081 vicisset
2027 1045 2089 1083 ma-

60 1118 133 1174 gnos
151 1105 273 1157 bostium
289 1101 446 1162 uerutus,
470 1098 556 1148 tantis
575 1098 677 1148 elatum
694 1093 889 1155 successibus,
913 1092 1023 1156 regasc
1040 1091 1168 1143 voluisse
1185 1091 1261 1142 intra
1276 1093 1384 1143 coelum
1401 1094 1480 1156 velie
1513 1095 1563 1144 sed
1582 1107 1744 1159 excussum,
1776 1096 1804 1145 iu
1823 1099 1927 1149 terram
1945 1100 2087 1163 delapsum

61 1188 144 1239 esse,
171 1177 282 1224 etcrue
301 1170 441 1234 fregisse,
468 1179 501 1217 ac
518 1167 617 1229 postca
634 1174 762 1215 moerere
780 1161 928 1213 extinctu
946 1172 1028 1224 esse,
1060 1170 1115 1223 qua
1131 1159 1240 1222 pictura
1257 1161 1415 1224 signidcat,
1443 1161 1571 1213 lnieiices
1589 1176 1654 1213 esse
1670 1166 1787 1214 conatus
1805 1165 1924 1216 umuium
1941 1169 2089 1232 bominum,

61 1245 110 1308 qui
128 1243 304 1304 erumpentes
322 1240 403 1289 extra
419 1240 510 1287 metas
529 1234 572 1284 sui
590 1233 661 1296 ioci,
689 1231 793 1282 altiore
809 1228 1022 1292 concupiscunt,
1047 1230 1079 1279 ut
1095 1229 1222 1291 exempla
1239 1231 1388 1279 ostendunt
1405 1231 1531 1281 omnibus
1548 1232 1698 1284 aetatibus.
1738 1234 1877 1285 Antonius
1894 1247 1950 1286 nou
1968 1241 2087 1288 couten-

61 1316 110 1362 tus
127 1311 237 1360 dimidia
254 1307 363 1370 imperii
379 1303 496 1356 Romani
512 1305 608 1366 parte,
626 1314 686 1351 cum
704 1300 782 1350 solus
800 1309 920 1360 regnare
937 1298 1040 1359 veliet,
1066 1308 1185 1359 prorsus
1202 1297 1374 1361 opprimitur.
1415 1301 1453 1349 Ut
1461 1297 1493 1364 *J
1512 1301 1639 1363 constat,
1663 1302 1734 1352 banc
1749 1303 1902 1354 salutarem
1918 1305 2086 1358 admonitiu-

62 1392 128 1431 nem
145 1379 230 1429 etlam
246 1376 340 1426 divina
357 1373 507 1425 autoritate
526 1371 656 1420 traditam
674 1380 748 1420 esse.
783 1367 860 1417 lubet
878 1365 951 1435 eplm
969 1365 1073 1417 Paulus
1091 1377 1125 1416 eo
1142 1377 1196 1415 nos
1213 1367 1369 1432 excutiere,
1399 1368 1529 1420 videlicet
1548 1369 1641 1421 studio
1660 1369 1760 1433 quietis
1777 1372 1807 1421 et
1825 1373 1938 1435 propria
1954 1374 2086 1426 marg

63 1448 247 1512 significans,
278 1442 438 1495 ambitiosas
455 1445 573 1491 naturas
591 1437 781 1489 excellentiam
804 1445 939 1499 quaerere
962 1433 1106 1486 contrario
1129 1434 1226 1498 modo,
1255 1435 1364 1487 sedicet
1386 1435 1479 1488 studio
1503 1436 1632 1488 turbandi
1653 1438 1778 1490 ordinem
1802 1442 2028 1508 gubernationis,
2060 1443 2090 1494 et

42 1580 46 1585 Ι
67 1514 230 1580 erumpendi
249 1517 329 1564 extra
346 1513 435 1562 metas
454 1509 559 1572 proprii
577 1506 671 1561 cilicii.

168 1601 300 1653 ilistorlis
316 1610 385 1651 reru
401 1597 501 1648 intexit
519 1594 619 1657 ubique
636 1593 807 1658 gravissima
824 1592 987 1656 praecepta,
1011 1601 1045 1642 ac
1061 1586 1209 1654 praecipue
1227 1588 1261 1638 de
1279 1587 1401 1651 institia,
1426 1592 1456 1639 et
1473 1589 1507 1640 rie
1524 1591 1678 1656 modestia,
1703 1592 1737 1642 de
1753 1594 1851 1656 poenis
1863 1595 1967 1647 iniuste
1978 1597 2091 1660 τιμίου,
2158 1586 2161 1595 .

64 1672 133 1723 dum
151 1673 258 1736 alicua,
281 1670 311 1719 et
327 1678 438 1732 ιιιιιι,
461 1665 508 1729 qui
527 1665 616 1714 stulta
632 1663 781 1713 ambitione
798 1660 883 1722 moti,
901 1672 957 1710 nou
975 1658 1137 1710 necessaria
1155 1657 1228 1708 belia
1245 1659 1366 1711 movent.
1400 1658 1573 1710 unvunne
1590 1659 1696 1722 inquit:
1709 1654 1762 1710 ”lto
1779 1659 1921 1730 adlapsa,
1943 1661 1975 1714 ie
1992 1663 2091 1732 mg,

63 1737 256 1861 {ffi‘mfl
275 1740 429 1860 ἑζξξᾞ
444 1736 555 1797 munet,
579 1743 628 1782 Μ
645 1742 750 1796 9⁰⁰³ss
767 1741 824 1780 lion
840 1738 908 1781 essu
924 1728 1066 1791 accidere,
1089 1728 1140 1778 sed
1156 1725 1251 1777 divin
1266 1727 1443 1791 Providentia
1458 1727 1537 1794 resia
1562 1731 1590 1779 et
1608 1729 1706 1779 ordine
1723 1730 1854 1782 divinitus
1872 1735 1982 1785 sancito
1999 1737 2094 1797 wite

166 1892 243 1944 'iaiis
261 1890 314 1943 tuit
331 1893 413 1940 vetus
431 1887 586 1952 sapientia,
611 1885 768 1937 narrationi
785 1881 964 1935 historiarum
981 1882 1084 1934 addere
1105 1884 1269 1947 praecepta,
1298 1886 1330 1934 nt
1347 1884 1423 1934 ritae
1441 1885 1554 1948 regulas
1573 1897 1633 1935 cum
1653 1883 1809 1936 illustribus
1828 1886 1960 1950 exemplis
1977 1886 2093 1938 coniun-

46 1965 183 2037 μοι,
207 1962 236 2011 et
253 1960 377 2011 nomines
395 1959 615 2021 perterreiactus
632 1955 767 2007 mirandis
785 1954 874 2004 ruinis
891 1952 1045 2016 potentium
1063 1965 1161 2018 regum
1179 1954 1208 2002 et
1225 1951 1394 2017 principum,
1417 1954 1454 2004 ad
1471 1953 1607 2004 iustitiam
1625 1956 1654 2004 et
1669 1955 1836 2006 modestiam
1853 1958 2006 2010 necterent.

170 2046 327 2112 Virgilius,
358 2046 453 2108 paucis
473 2045 566 2095 verbis
583 2043 715 2104 mutatis,
744 2040 862 2103 surupsit
883 2038 1038 2089 ai’indaro
1056 2037 1240 2099 seuuntiam,
1272 2050 1342 2102 quae
1361 2042 1406 2090 est
1422 2041 1501 2090 reiut
1517 2042 1710 2104 argumentum
1728 2040 1876 2092 universae
1892 2042 1985 2093 muudi
2002 2042 2093 2093 bisto-

66 2116 141 2170 riae:
173 2117 286 2170 Ditem
304 2116 452 2167 iustitiam
469 2114 591 2176 moniti,
622 2115 651 2162 et
668 2125 727 2162 non
745 2114 873 2162 temnere
887 2104 1050 2173 Dicor**).
1098 2110 1179 2161 ilaue
1201 2118 1298 2159 rocem
1320 2108 1360 2158 ait
1378 2109 1515 2159 Pindarus
1531 2109 1643 2159 assiduo
1661 2111 1782 2162 clamore
1801 2113 1930 2173 repetere
1948 2115 2092 2162 cruentum

66 2187 187 2239 irionem
209 2185 239 2234 in
265 2187 328 2235 rote
351 2183 500 2246 iacentem,
525 2185 555 2231 ut
579 2182 703 2242 exemplo
728 2191 796 2228 suae
815 2186 919 2240 possae
937 2177 1045 2228 discant
1062 2176 1206 2243 beminen,
1234 2188 1301 2227 esse
1317 2176 1523 2229 Providentiam
1544 2176 1698 2244 vindicem,
1730 2190 1763 2230 ac
1789 2180 1947 2243 punientem
1964 2182 2091 2245 scelera,

68 2267 121 2306 neo
135 2255 232 2307 ment
250 2254 345 2303 frenos
363 2251 454 2301 caecis
474 2254 501 2300 et
519 2249 677 2300 errantibus
695 2247 907 2309 cupiditatibus,
934 2245 985 2295 sed
1002 2257 1111 2307 semper
1125 2246 1289 2299 munstur
1307 2246 1445 2297 lucentem
1456 2246 1484 2297 in
1497 2247 1634 2298 mentibus
1646 2247 1772 2300 notitiam
1786 2249 1921 2301 «livinitus
1936 2261 2092 2314 ιιιιιιιιι,

69 2335 140 2387 guae
155 2323 289 2380 discernit
305 2321 381 2370 iusta
399 2321 428 2369 et
445 2318 564 2382 iniusta,
590 2320 619 2366 et
635 2316 815 2366 severissime
833 2312 969 2376 praecipit
983 2313 1076 2381 iusta,
1099 2316 1129 2364 et
1145 2314 1272 2376 probibet
1288 2315 1438 2366 contraria.

170 2406 282 2469 aliquid
299 2407 327 2455 in
345 2404 454 2455 naturis
473 2413 528 2452 non
546 2401 716 2452 monstrosis
735 2400 891 2450 conducunt
908 2399 944 2448 ad
960 2397 1100 2461 regendus
1124 2409 1232 2462 mures,
1261 2401 1362 2451 crebra
1384 2399 1516 2464 cogitatio
1540 2401 1575 2451 de
1597 2401 1718 2468 virtute,
1749 2405 1833 2456 lectio
1856 2407 1886 2456 et
1909 2403 2099 2457 consideratio

70 2478 275 2538 exemplorum,
307 2477 337 2523 et
361 2471 505 2534 diligentia
529 2472 651 2521 excitata
674 2469 794 2519 lectione
820 2470 847 2517 et
871 2478 941 2516 voce
959 2466 1131 2530 sapientum,
1161 2467 1355 2519 ammonem
1372 2467 1482 2517 animos
1500 2469 1536 2518 ad
1553 2481 1649 2520 curam
1672 2471 1800 2522 frenandi
1824 2473 2021 2525 inmoderatos
2044 2474 2098 2524 im·

68 2548 160 2608 petus.
195 2545 233 2592 lit
251 2541 340 2604 magis
357 2541 503 2602 penetrant
524 2538 552 2587 in
570 2539 679 2589 animos
697 2537 767 2586 taiia
784 2534 911 2599 scripta,
933 2533 1078 2598 inesibus
1098 2534 1260 2586 dulcissime
1275 2533 1364 2587 mista
1381 2538 1447 2586 suut
1464 2536 1588 2587 nistoriis
1605 2544 1772 2602 praecepta:
1803 2540 1875 2604 puori
1898 2555 1960 2592 cum
1983 2543 2012 2593 iu
2029 2542 2098 2593 Pin·

70 2611 177 2662 darlcis
195 2609 361 2661 carminibus
379 2606 602 2672 splendidissima
619 2610 648 2656 et
666 2605 834 2656 suavissime
851 2603 917 2669 sat,
934 2601 1003 2653 nibil
1020 2602 1132 2655 dublum
1149 2605 1209 2667 est,
1234 2614 1331 2655 eorum
1348 2604 1497 2655 lectionem
1514 2605 1595 2656 bonis
1611 2607 1721 2657 naturis
1738 2608 1822 2660 vaide
1838 2609 1985 2672 prodesse.

688 2691 788 2744 nuuc
805 2691 964 2743 Ducum·
981 2689 1062 2741 lecet
1079 2699 1158 2741 aare
1177 2699 1318 2754 cunam,

690 2758 810 2822 Tendit,
835 2759 960 2823 Λι1ιιι1,
984 2756 1099 2823 quoties
1116 2759 1149 2808 trs
1165 2757 1245 2810 sitos

686 2827 817 2880 Nubiura
834 2829 968 2881 troctas:
986 2851 1021 2862 -
1044 2825 1133 2889 lupuit
1150 2823 1374 2886 llurstlusw).

63 2918 144 2985 'gaud
161 2916 339 2968 verissimum
358 2927 439 2979 case,
463 2914 584 2964 lectores
602 2913 842 2976 animadvertant,
874 2924 936 2962 cum
954 2911 1085 2961 ridebunt
1100 2911 1264 2975 Pindarum,
1294 2913 1403 2975 sumpta
1428 2909 1575 2964 omasione
1599 2927 1634 2963 ex
1660 2913 1738 2965 urbis
1762 2917 1811 2965 aut
1834 2916 1957 2968 iamlliae
1979 2916 2099 2970 alicuius

69 2987 198 3107 ³333,
218 2987 315 3037 relicto
333 2984 428 3035 bumill
442 2984 622 3049 argumento,
646 2984 722 3034 velut
740 2983 898 3034 evolantem
915 2980 944 3030 ln
962 2980 1105 3033 sublimem
1123 2981 1281 3032 aetheream
1297 2981 1457 3045 regionem,
1488 2981 1646 3033 taetimimo
1664 2987 1747 3033 cantu
1765 2986 1880 3037 veteres
1897 2987 2032 3039 bisturlas
2050 3002 2099 3040 ce-

174 3139 264 3200 saepe
281 3136 368 3202 igitur
386 3136 517 3186 inventus
534 3135 606 3186 bunc
624 3146 744 3200 cygnum
762 3134 866 3190 audiat.
901 3136 992 3197 saepe
1008 3133 1088 3198 legat
1105 3130 1164 3183 ι1ιι
1182 3131 1343 3183 dulcissima
1360 3130 1500 3199 carmina,
1519 3143 1589 3197 quae
1607 3133 1732 3185 omnibus
1747 3135 1918 3199 temporibus
1935 3136 2099 3203 nemin

73 3206 242 3270 sapientibus
259 3207 380 3260 inerunt.
415 3206 575 3256 Alexander
595 3206 709 3260 Macedo
727 3206 891 3255 vulneratus
908 3203 1041 3269 agnovit,
1063 3199 1178 3251 militem
1196 3202 1351 3253 dinanum
1367 3214 1449 3266 esse,
1480 3201 1527 3264 qui
1549 3203 1647 3265 procul
1671 3214 1771 3269 mco
1789 3206 1910 3256 clamore
1930 3207 2010 3269 quasi
2028 3219 2098 3260 con·

73 3277 218 3329 solaturus
236 3287 346 3339 regem,
370 3274 559 3336 pronuntiavit
577 3285 690 3325 versum
707 3273 819 3323 Pindari
833 3266 941 3338 Μ),
964 3263 1080 3339 idonci
1094 3282 1122 3321 rs
1138 3265 1187 3318 aui
1205 3268 1311 3321 nemis
1326 3265 1423 3321 ἔοικεν.
1464 3270 1523 3321 iiec
1539 3271 1661 3321 arbitror
1684 3274 1792 3323 tautum
1814 3286 1884 3324 sono
1909 3278 2012 3327 motum
2030 3290 2096 3328 esse

72 3344 276 3408 Alexandrum,
299 3344 346 3406 qui
368 3342 491 3394 boeotiis
509 3343 659 3394 communis
676 3345 755 3405 erat;
787 3341 837 3392 sed
855 3352 967 3391 versum
984 3339 1122 3406 insignem
1138 3337 1299 3404 agnovisse.
1332 3338 1390 3391 iiec
1406 3338 1545 3391 vetuisset
1561 3339 1674 3390 ruderi
1691 3341 1799 3395 domum
1816 3343 1923 3394 destrui
1939 3344 1969 3395 in
1985 3345 2094 3398 acilio

74 3411 245 3477 Thebarum,
270 3412 325 3462 nisi
343 3409 511 3463 dulcissimis
530 3410 589 3462 eius
607 3410 722 3475 scriptis
739 3411 892 3461 deimtatus
911 3411 996 3461 esset.

178 3499 250 3549 Note
267 3497 325 3547 sint
341 3496 426 3562 igitur
443 3498 472 3546 et
488 3500 604 3548 nostrae
620 3496 767 3548 iuventuti.
803 3499 845 3546 Ac
862 3497 892 3544 ut
908 3506 927 3545 a
944 3493 1069 3558 pluribus
1087 3491 1144 3559 legi
1162 3495 1192 3544 et
1208 3491 1328 3558 intelligi
1340 3495 1449 3546 Graeca
1461 3493 1588 3562 possint,
1604 3494 1734 3548 utinam
1746 3495 2004 3560 interpretationem
2017 3499 2102 3567 edidi,

74 3579 146 3634 quae
161 3569 299 3629 unumque
316 3565 472 3617 sententias
489 3565 595 3630 reddit,
618 3565 734 3618 omissis
752 3565 890 3615 interdum
909 3564 1055 3627 epitbetls,
1079 3574 1149 3626 puae
1168 3561 1363 3613 obscuritatem
1382 3561 1411 3613 in
1431 3564 1532 3615 Latina
1548 3563 1669 3617 lectione
1688 3567 1809 3617 allatura
1827 3568 1917 3621 eraut.

175 3652 238 3703 Etsi
256 3653 348 3702 autem
366 3652 418 3702 bae
437 3653 534 3702 tenues
552 3653 681 3715 pagellae
698 3664 754 3702 non
771 3653 835 3701 sunt
852 3662 952 3700 munus
967 3649 1135 3700 conveniens
1153 3650 1231 3700 tauto
1251 3648 1328 3710 viro,
1360 3650 1405 3699 cui
1428 3652 1546 3714 propter
1568 3650 1733 3715 sapientiam
1758 3654 1787 3703 et
1811 3653 1960 3722 virtutem,
1990 3657 2098 3718 partem

75 3720 287 3787 gubernationis
304 3732 387 3784 reges
406 3721 434 3769 et
452 3721 592 3782 principes
611 3721 751 3771 tribuunt:
782 3723 874 3770 umen
893 3731 955 3769 cum
973 3719 1093 3785 scirem,
1115 3719 1146 3770 te
1162 3717 1193 3768 et
1206 3717 1281 3768 inter
1298 3719 1426 3771 caeteras
1444 3732 1492 3770 res
1517 3719 1594 3771 vitae
1615 3722 1792 3772 necessarias
1816 3722 1932 3775 tuendas
1957 3726 2099 3787 guberna·

74 3789 149 3853 tori,
174 3789 258 3838 etiam
275 3787 420 3850 complecti
441 3799 536 3838 curam
552 3789 738 3839 conservandi
755 3788 866 3839 litteras
885 3791 915 3839 ct
932 3787 1092 3852 doctrinas,
1113 3796 1184 3851 pne
1202 3788 1269 3836 snut
1285 3787 1366 3837 nervi
1386 3789 1493 3853 legum,
1518 3786 1679 3856 religionis,
1704 3789 1883 3858 disciplinae,
1906 3795 1935 3842 et
1952 3796 2100 3844 maturum

76 3857 200 3920 artium,
218 3866 288 3917 quae
305 3856 381 3904 ritae
396 3856 575 3906 necessariae
591 3859 670 3906 sunt:
689 3857 801 3919 speravi
820 3857 870 3906 tibi
887 3868 942 3907 non
963 3855 1111 3921 ingratum
1119 3856 1198 3921 iore,
1215 3856 1242 3906 sl
1259 3855 1300 3905 tui
1316 3856 1435 3909 nominis
1452 3856 1554 3909 mentio
1572 3858 1600 3909 iu
1617 3858 1669 3908 bac
1686 3859 1806 3910 editione
1823 3860 1918 3924 deret,
1937 3862 2102 3924 praesertim

73 3937 139 3977 cum
157 3923 282 3974 eruditae
299 3922 472 3985 antiquitatis
491 3927 519 3973 et
535 3925 661 3974 veterum
677 3923 857 3976 bisturlerun
875 3924 1033 3989 cognitione
1049 3924 1168 3975 maxime
1185 3924 1339 3975 delecteris.
1375 3927 1467 3990 'reque
1483 3938 1551 3991 oro,
1576 3929 1607 3976 ut
1625 3928 1694 3977 banc
1712 3927 1942 3992 significationem
1959 3930 2012 3980 mei
2030 3941 2100 3995 erga

33 3997 105 4077 gte
123 3991 226 4057 studii,
254 3991 319 4042 boni
337 3991 477 4042 consulas.
519 3990 550 4041 id
568 3990 594 4039 si
611 4002 667 4040 uon
684 3994 826 4042 merentur
843 3993 895 4043 bac
913 3995 1056 4060 pagellae,
1086 3994 1179 4045 tamen
1196 3992 1310 4043 Pindari
1326 3995 1430 4046 nomini
1447 3995 1581 4059 tribuito,
1611 4009 1690 4059 quem
1713 3997 1838 4048 iuniores
1861 3998 1970 4051 aridlm
1993 4000 2098 4066 legent,

78 4061 238 4129 cogitantes
256 4061 330 4112 bunc
347 4061 471 4111 veterem
489 4059 655 4122 scriptorem
672 4071 692 4113 a
709 4061 737 4110 te
755 4071 860 4125 quoque
877 4061 1040 4127 magnifieri
1075 4063 1149 4114 liene
1166 4063 1239 4116 rale.

203 4218 402 4281 Melanthonis
421 4219 463 4276 iu
484 4214 645 4277 Pindarum
676 4232 795 4276 carmen
824 4216 854 4274 in
876 4215 932 4275 Ed.
948 4211 1042 4276 ibib.
1070 4217 1115 4275 ilii
1144 4212 1286 4293 epistolae
1317 4216 1500 4276 subiunctum
1528 4219 1679 4277 iuvenitur
1706 4221 1795 4279 etiam
1819 4221 2005 4297 inscriptumz
2037 4221 2101 4298 „ln
2146 4284 2151 4299 1

71 4301 271 4368 Piumms.”
292 4306 324 4363 iu
344 4303 496 4363 Grstbusii
517 4302 694 4362 collectione
714 4301 969 4380 Epigrammatum
990 4300 1064 4362 liei.
1084 4299 1138 4363 iol.
1159 4291 1330 4363 Kssb—L
1346 4297 1390 4361 i·
1411 4311 1443 4359 et
1466 4303 1497 4359 in
1512 4301 1662 4361 vincentii
1684 4301 1813 4363 editione
1836 4322 1936 4364 eorum
1958 4304 2100 4367 1“ιΙ.Κ4ἰ

91 4393 141 4450 ubi
161 4393 192 4449 in
214 4391 346 4466 margine
368 4389 547 4466 adscriptum
575 4397 636 4446 est:
672 4390 758 4447 duno
788 4384 917 4466 ibib),
951 4395 1110 4464 praeterea
1137 4385 1169 4444 in
1195 4385 1320 4463 Scriptis
1347 4386 1471 4464 publicis
1498 4386 1672 4447 Academiae
1700 4386 1933 4467 Wrtebergensis
1959 4408 2103 4450 annorum

97 4470 316 4551 bei-ibib,
343 4474 452 4534 linteis.
476 4469 620 4551 ibib.†)
650 4468 806 4547 lollii„
837 4483 870 4533 et
898 4490 1041 4533 annorum
1065 4465 1304 4533 idid—1553·
1329 4470 1400 4533 ibid·
1425 4467 1592 4549 ¹553·††)
1620 4471 1675 4534 foi·
1696 4466 1837 4553 Qssbbq·
1860 4489 1890 4535 ei
1912 4477 1982 4537 ibid·
2005 4471 2101 4538 150⁰·

72 4561 160 4621 Tum.
173 4557 268 4637 l.††)
288 4559 342 4620 i‘ol.
356 4560 378 4619 S
394 4557 447 4633 i.;
473 4561 505 4618 in
526 4558 614 4619 huius
627 4557 718 4639 Corp.
732 4556 865 4618 Reform.
888 4571 986 4617 autem
1001 4554 1066 4616 vol.
1081 4556 1120 4618 X.
1141 4557 1220 4616 iuter
1241 4556 1304 4616 eius
1325 4558 1453 4617 carmina
1473 4577 1534 4617 non
1554 4559 1680 4636 legitur,
1708 4572 1888 4641 quapropter
1907 4562 1964 4621 hcc
1985 4578 2104 4641 quoque

25 4682 35 4697 .
80 4646 129 4705 bic
150 4644 302 4706 addimus:

73 4815 451 4835 *nt-‘-

109 4944 146 5008 *1
161 4950 215 5011 ut]
232 4948 275 5001 sio
290 4949 343 5000 lli.
361 4947 456 5013 ibbe.;
486 4948 538 5002 Ed.
551 4945 628 5001 issa.
646 4948 682 4996 itt

109 5032 165 5096 ¹⁵⁸¹)
181 5035 261 5100 virg.
280 5037 349 5085 Aen.
370 5034 421 5099 vl,
437 5033 500 5085 tio.

108 5119 181 5186 ιιι)
199 5122 295 5172 nunt
315 5121 399 5173 ouer.
413 5121 464 5184 iv,
481 5119 510 5184 s,
527 5118 653 5170 ae-ar.

109 5204 300 5274 ¹iiiiiifii’ind.
320 5208 397 5263 rien.
416 5211 443 5272 i,
461 5204 713 5261 et.1ld.llceclrn.

111 5288 155 5362 ᾗ)
170 5290 282 5353 scripte
298 5294 431 5355 quaedam
449 5293 477 5341 in
495 5289 644 5343 Academia
656 5289 887 5353 witembergensi
905 5300 923 5339 a
939 5286 1104 5340 Rectoribus
1113 5321 1123 5354 ,
1147 5288 1268 5341 llecauis
1286 5291 1314 5340 et
1329 5289 1395 5338 aliis
1412 5289 1527 5340 eruditis
1543 5291 1704 5354 quibusdam
1722 5293 1801 5343 Viris
1818 5292 1927 5356 publice
1943 5289 2103 5356 proposita:

147 5360 184 5413 ab
201 5370 273 5410 annu
291 5362 326 5410 11
340 5360 494 5411 lbxlilli.
514 5373 600 5426 usque
620 5360 657 5411 ad
674 5360 755 5410 duem
773 5359 839 5409 eniri
857 5357 1062 5421 qrradragesimi
1080 5357 1173 5420 quinti.
1208 5359 1410 5421 Witenbergee
1428 5361 1507 5411 Auno
1524 5362 1561 5412 li.
1577 5362 1610 5412 l).
1623 5361 1709 5412 xbv.
1744 5361 1770 5410 Β.

109 5443 176 5516 ᾗ)
192 5445 265 5499 Vide
281 5460 308 5510 p.
324 5446 371 5497 181
386 5458 428 5511 se.
445 5445 589 5523 noiasffl
606 5449 636 5501 et
649 5442 741 5512 Μ),
766 5444 795 5496 in
812 5445 909 5509 qulbus
925 5446 1022 5495 barum
1040 5442 1198 5495 iiditionnm
1213 5442 1317 5495 indices
1331 5444 1493 5507 perscripsi.
