4778 6240
170 314 248 395 425
410 279 412 284 ’
621 306 841 381 nxxxuu.
900 304 1186 381 autumno
1220 301 1503 377 enonorcon
1539 302 1745 380 unornn.
2127 262 2241 402 aaa

275 484 337 554 Vs.
354 480 441 554 234.
467 483 682 573 Auteaaem]
710 481 875 550 Alterum
892 491 1033 570 tempus
1048 491 1101 548 est
1124 475 1163 544 in
1217 474 1361 566 utatis]
1386 475 1546 560 Blattae,
1568 491 1726 564 motten,
1752 481 1924 575 quiddam
1949 485 2063 558 simile
2086 490 2204 571 tineis.

150 584 154 591 ’
175 602 354 660 autumno
373 585 616 656 occidentibus
624 584 829 653 Pleiadibus
847 582 997 652 cosmice
1013 579 1166 649 inOcto·
1218 578 1276 647 Sic
1291 577 1459 646 dicimus:
1487 575 1572 648 Illae
1588 577 1731 651 chartae
1748 598 1832 654 sunt
1847 610 1867 655 a
1880 588 2000 659 blattis
2025 617 2204 670 corrosae.

172 691 242 762 bri.
342 692 472 784 Aquari
498 691 625 780 Pieria]
649 686 685 754 id
713 698 783 769 est,
818 685 915 767 Ceti,
948 683 1031 778 quia
1058 683 1165 752 Cetus
1239 714 1241 718 >
1319 676 1381 749 Vs.
1400 676 1489 753 244.
1505 740 1511 753 ,
1528 685 1695 755 Immanis
1712 684 1828 781 fucas]
1859 688 1976 763 Fucus
1998 706 2050 764 est
2072 695 2206 771 nothus

178 793 294 863 oritur
310 804 344 858 et
361 790 490 859 occidit
508 814 586 860 cum
603 788 818 858 pleiadibus.
868 786 940 857 Alii
965 786 1168 876 intelligunt
1219 803 1412 871 exgenere
1436 805 1557 874 apum.
1609 789 1795 876 Immanis,
1829 791 1866 859 id
1889 806 1959 886 est,
1986 799 2117 887 gaudet
2138 800 2207 870 im-

177 898 221 964 de
237 892 347 964 Notio
370 893 487 983 pisce,
521 893 605 986 quia
629 914 702 960 una
729 915 808 959 cum
825 889 1030 958 Pleiadibus
1053 888 1168 955 oritur
1217 883 1453 967 munitatem,
1478 887 1594 957 nullas
1608 890 1768 979 publicas
1786 918 1914 985 operas
1936 899 2107 985 sustinet,
2137 906 2205 972 im-

178 990 396 1087 acronyche.
449 994 518 1063 Sed
536 996 647 1063 altera
673 992 846 1084 expositio
870 1003 922 1061 est
948 990 1061 1081 magis
1086 1012 1167 1081 per·
1218 986 1330 1054 mittit
1344 1010 1381 1054 se
1400 986 1438 1053 in
1455 986 1512 1055 illa
1531 1013 1614 1058 cava
1631 991 1729 1076 loca,
1755 1008 1796 1063 ut
1809 1001 2002 1086 praedetur
2019 1002 2138 1075 mella.

177 1099 314 1190 spicue.
1320 1086 1381 1157 Vs.
1397 1085 1485 1162 246.
1527 1095 1671 1186 Crabra]
1705 1095 1762 1164 die
1788 1124 1946 1192 wespen.
2004 1102 2059 1173 Ex
2081 1119 2203 1197 putre-

279 1195 341 1268 Vs.
364 1192 453 1270 235.
493 1194 686 1287 aeternas]
719 1206 760 1264 ut
783 1193 1003 1283 intelligatur
1028 1203 1168 1282 tempus
1217 1189 1312 1257 sacto
1328 1191 1420 1259 bove
1446 1207 1642 1264 nascuntur
1664 1219 1769 1288 apes,
1801 1200 1935 1286 idest,
1965 1188 2048 1297 apes
2071 1208 2204 1298 signifi-

178 1298 358 1370 Octobris·
411 1299 494 1367 Duo
511 1312 594 1368 sunt
607 1310 768 1387 tempora
795 1295 1028 1378 mellationis,
1054 1318 1165 1362 ttnum
1220 1303 1302 1358 cant
1323 1290 1539 1378 Ecclesiam,
1580 1321 1672 1390 quae
1703 1301 1835 1371 axilla
1866 1302 2032 1390 victima,
2070 1310 2204 1382 scilicet

179 1416 231 1472 est
245 1414 327 1494 post
342 1414 459 1469 ortum
478 1401 669 1470 cosmicum
686 1397 894 1481 Pleiadum,
917 1397 1068 1465 alterum
1086 1407 1169 1487 post
1220 1391 1376 1477 Christo,
1395 1396 1565 1468 nascitur.
1615 1398 1669 1467 Ex
1684 1405 1882 1492 putrefacto
1902 1430 1994 1500 equo
2009 1427 2206 1484 nascuntur
2249 1483 2253 1489 ,

180 1528 345 1574 oceasum
362 1505 554 1572 cosmicum
576 1503 776 1570 Pleiadum.
1016 1568 1019 1573 ,
1220 1496 1429 1579 crabrones,
1456 1497 1492 1565 id
1510 1510 1582 1582 est,
1608 1524 1650 1568 ex
1668 1498 1820 1576 heroicis
1837 1506 1924 1577 viris
1946 1523 1982 1578 et
2006 1517 2204 1602 praestanti

282 1604 344 1676 Vs.
370 1605 457 1678 236.
499 1609 559 1676 lra
580 1608 711 1675 andam
735 1625 840 1689 eapra
860 1602 926 1692 eat]
957 1598 1168 1669 Aristoteles
1219 1597 1406 1671 nobilitate
1436 1600 1552 1668 oritur
1582 1602 1738 1692 degener
1765 1609 1951 1695 nobilitas,
1998 1613 2053 1684 die
2082 1618 2205 1688 saulen

180 1707 265 1775 dicit
280 1708 371 1776 iram
387 1732 460 1776 esse
476 1708 591 1775 calcar
616 1703 857 1797 fortitudinis,
890 1714 926 1772 et
948 1715 1043 1771 recte
1070 1701 1167 1770 dicit.
1218 1694 1478 1771 Junclrherren.
1549 1700 1605 1770 Er
1641 1705 1741 1774 asino
1780 1713 1979 1800 putrefacto
2009 1734 2206 1791 nascuntur

178 1808 264 1880 Non
279 1810 413 1878 debetis
428 1809 619 1898 imaginari
638 1831 762 1878 omnes
779 1806 924 1874 allectus
940 1829 1013 1873 esse
1033 1803 1168 1895 simpli·
1219 1802 1395 1885 scarabei,
1436 1803 1472 1870 id
1503 1815 1573 1887 est,
1610 1828 1651 1874 ex
1679 1806 1865 1882 monachis
1891 1831 2086 1903 nascuntur
2118 1822 2205 1891 mali

180 1910 268 1979 citer
282 1924 316 1979 et
331 1935 396 2003 per
414 1935 451 1980 se
467 1912 626 1982 vitiosos.
679 1908 786 1979 Multi
806 1920 889 1977 sunt
910 1908 997 1975 boni
1022 1907 1168 1975 allectus
1219 1909 1396 1977 doctores.
1446 1904 1557 1974 Plura
1575 1906 1732 1981 dicemus
1749 1915 1793 1982 de
1808 1910 1876 1983 hac
1890 1940 1942 1988 rc.

179 2013 219 2080 in
237 2025 365 2081 natura
384 2024 418 2081 et
435 2009 601 2112 oaopyaa'.
653 2012 711 2081 Sic
733 2011 916 2080 iracundia
943 2005 1088 2078 heroica
1117 2019 1177 2078 est·
1320 2006 1381 2077 Vs.
1397 2003 1484 2078 246.
1515 2013 1657 2098 rtneae]
1684 2012 1838 2088 Motten.

179 2116 296 2184 bonus
315 2115 479 2198 affectus,
512 2116 626 2208 qualis
650 2114 820 2183 tribuitur
832 2109 975 2184 Achilli.
1026 2111 1072 2181 Et
1087 2112 1169 2180 Vir·
1290 2107 1381 2178 1Vs.
1396 2106 1484 2181 248.
1512 2113 1583 2195 an
1607 2114 1734 2208 magis]
1763 2116 1803 2189 id
1825 2130 1895 2204 est,
1926 2121 2054 2192 volunt
2074 2125 2204 2195 sarcire

180 2216 284 2308 gilius
305 2219 349 2286 de
373 2217 493 2286 Aenea
521 2217 657 2310 inquit:
689 2217 821 2306 Magna
845 2240 882 2285 se
904 2215 1076 2287 exuscitet
1099 2215 1168 2297 ira,
1219 2236 1283 2283 sua
1301 2209 1483 2302 diligentia
1501 2212 1559 2280 illa
1575 2215 1669 2283 furta
1687 2231 1722 2286 et
1734 2218 1892 2312 rapinas.

181 2333 245 2390 etc.
299 2320 396 2389 Haec
412 2318 464 2386 ira
483 2343 559 2386 non
576 2330 627 2388 est
644 2318 791 2401 vitiosa,
825 2317 910 2410 quia
934 2330 987 2386 est
1011 2314 1169 2386 heroica.
1321 2313 1382 2383 Vs.
1396 2309 1484 2385 260.
1509 2317 1626 2408 Ferae]
1653 2317 1689 2386 id
1708 2335 1778 2406 cst,
1803 2323 1939 2394 sedilia.

179 2419 232 2491 lta
247 2422 393 2491 affectus
410 2421 448 2487 in
466 2445 594 2510 genere
611 2432 695 2489 sunt
710 2428 836 2507 [motus
860 2418 965 2487 inditi
987 2417 1168 2487 divinitus.
1246 2486 1249 2491 ,
1322 2415 1383 2484 Vs.
1401 2412 1488 2487 261.
1515 2419 1559 2487 Si
1572 2413 1666 2515 aare]
1681 2420 1734 2490 De
1750 2425 1885 2496 morbis
1905 2450 2025 2519 apum.
2085 2424 2208 2527 Casae]

180 2524 251 2594 Sed
266 2536 397 2591 natura
415 2535 536 2591 nostra
554 2534 607 2591 est
621 2521 748 2592 vitiosa
766 2533 801 2590 et
817 2521 1034 2591 inordinata.
1085 2516 1169 2588 ldeo
1221 2519 1352 2599 idest,
1384 2520 1542 2589 morbos.
1610 2521 1708 2591 Sicut
1728 2521 1893 2596 homines
1916 2541 2124 2617 aegrotant,
2157 2532 2207 2599 ita

179 2621 290 2694 habet
313 2624 444 2693 multos
466 2624 614 2694 vitiosos
634 2624 797 2707 allectus,
837 2623 900 2717 qui
921 2635 1004 2694 sunt
1025 2621 1102 2693 sino
1127 2621 1172 2689 ti·
1223 2645 1307 2713 apes
1328 2618 1528 2690 interdum.¹
1590 2619 1655 2692 Est
1677 2625 1784 2695 etiam
1809 2629 1998 2720 singularis
2023 2631 2207 2720 diligentia

181 2749 285 2798 more
302 2737 336 2794 et
351 2728 432 2796 fide.
475 2723 526 2794 lta
541 2725 674 2796 Paulus
682 2724 729 2822 ¹⁶)
745 2725 881 2819 inquit:
911 2723 1171 2817 Concupiscen-
1222 2721 1437 2793 conveniens
1456 2722 1563 2792 statui
1578 2725 1815 2816 reipublicae,
1841 2732 1938 2826 quod
1957 2746 2041 2825 apes
2062 2732 2209 2802 eiieiunt

182 2830 270 2899 tiam
287 2828 499 2899 nesciebam.
550 2827 665 2898 Vocat
679 2828 1001 2920 concupiscentiam
1015 2820 1173 2908 ἀταξίαν
1223 2828 1396 2897 cadavera
1416 2849 1458 2892 cx
1479 2824 1691 2898 alvearibus.

183 2933 347 3001 omnium
366 2930 556 3000 affectuum
574 2943 609 2998 et
623 2944 786 3002 motuum
803 2932 840 2999 in
856 2944 998 3001 natura.
1036 2930 1171 3024 Quam·
1322 2925 1384 2997 Vs.
1399 2923 1487 3000 269.
1513 2931 1614 2998 Fame
1633 2929 1686 3029 et]
1714 2932 1837 3018 idest,
1863 2934 2033 3003 laborant
2046 2932 2209 3005 fastidiis.

184 3059 293 3132 quam
313 3032 420 3122 igitur
441 3045 492 3101 est
517 3033 597 3102 talis
620 3029 772 3119 ἀταξία,
805 3046 925 3103 tamen
954 3033 1061 3102 etiam
1089 3042 1172 3100 sunt
1324 3028 1385 3101 Vs.
1402 3025 1489 3103 268.
1516 3035 1590 3101 aaa
1610 3037 1717 3127 intua]
1744 3036 1868 3120 idest,
1894 3060 1970 3103 non
1984 3037 2139 3105 evolant.

183 3137 289 3208 multi
304 3137 391 3203 boni
408 3135 574 3219 allectus,
601 3147 642 3203 ut
655 3149 846 3225 parentum
872 3160 954 3228 erga
978 3159 1062 3205 suos
1085 3134 1172 3201 libe·
1324 3132 1386 3203 Vs.
1400 3132 1487 3205 263.
1514 3131 1671 3233 aeratae]
1699 3137 1735 3204 id
1758 3151 1829 3219 est,
1856 3139 1961 3233 quale
1978 3150 2029 3207 est
2045 3160 2209 3207 murmur

185 3267 264 3321 ros3
290 3238 374 3305 item
394 3236 577 3307 iracundia
603 3239 772 3308 adversus
795 3239 1067 3330 turpitudinem.
1119 3233 1171 3303 lta
1224 3234 1353 3319 maris,
1378 3236 1434 3304 vel
1450 3234 1541 3304 sicut
1556 3234 1647 3325 ignis
1664 3239 1700 3305 in
1715 3239 1859 3308 fornace
1887 3241 2006 3308 reddit
2030 3242 2209 3333 quendam

185 3344 239 3412 illi
255 3339 490 3423 animalculo,
517 3340 601 3434 quia
628 3340 734 3409 debet
759 3337 890 3411 habere
912 3336 1173 3421 fortitudinem,
1223 3338 1423 3429 strepitum.

188 3460 240 3517 est
258 3443 365 3516 etiam
385 3442 535 3511 inditum
553 3445 669 3510 calcar
682 3442 916 3514 fortitudinis.
1327 3439 1387 3509 Vs.
1414 3437 1503 3512 264.
1559 3442 1699 3531 odores]
1741 3442 1778 3511 id
1815 3454 1886 3526 est,
1936 3441 2209 3513 medicamenta.

286 3545 347 3615 Vs.
363 3545 450 3619 236.
480 3545 664 3637 Venenum]
689 3543 805 3615 Iratae
822 3571 905 3637 apes
923 3544 1102 3613 interdum
1119 3540 1175 3608 in·
1226 3544 1432 3633 Galbanum]
1467 3542 1561 3611 Puto
1588 3568 1661 3613 esse
1685 3543 1773 3613 illud
1794 3556 1956 3614 nostrum
1983 3541 2082 3629 thus,
2108 3547 2209 3638 ¹quia

189 3647 366 3718 terficiunt
392 3644 568 3716 homines.
635 3644 803 3737 inprimis
833 3659 1006 3741 appetunt
1039 3646 1174 3714 olentes
1225 3644 1313 3712 illud
1328 3645 1522 3735 pretiosum
1542 3640 1642 3729 thus,
1670 3649 1765 3739 quod
1782 3647 1867 3714 olim
1884 3648 1970 3728 luit,
1998 3658 2050 3714 est
2074 3648 2112 3714 in
2135 3672 2210 3713 ma·

187 3750 380 3819 immodice
395 3750 452 3816 vel
469 3748 572 3817 bonis
588 3748 644 3814 vel
660 3749 763 3817 malis
780 3751 962 3833 odoribus,
983 3747 1066 3842 quia
1084 3742 1174 3816 nibil
1226 3770 1296 3837 gno
1320 3746 1458 3837 pretio,
1492 3746 1549 3814 vel
1569 3747 1599 3817 si
1624 3772 1697 3837 non
1723 3761 1775 3819 est
1797 3760 1960 3817 nostrum
1985 3743 2066 3817 thus
2088 3749 2210 3837 galba-

186 3863 339 3942 possunt
353 3851 445 3917 serre
458 3850 756 3932 immoderatum,
788 3864 872 3919 sunt
893 3854 1008 3920 laetae
1033 3852 1080 3919 ad
1099 3873 1174 3919 me·
1226 3874 1332 3929 num,
1378 3859 1571 3917 esttamen
1595 3849 1712 3943 aliqua
1737 3850 1868 3941 species
1890 3849 2057 3940 ignobilis
2082 3847 2209 3920 thuris.

188 3951 413 4021 diocritalem
432 3963 466 4019 et
486 3948 712 4020 munditiem·
1225 3954 1396 4039 suadeta]
1422 3948 1556 4021 scilicet
1570 3952 1719 4021 domino
1735 3949 1925 4034 hortante,
1951 3952 1988 4021 id
2002 3964 2073 4033 est,
2105 3975 2210 4019 mun·

291 4052 352 4123 Vs.
371 4052 458 4125 238.
498 4057 542 4124 In
571 4052 707 4121 vulnere
727 4047 872 4148 puniant]
907 4052 985 4119 Hoc
1007 4064 1061 4120 est
1083 4050 1176 4120 anti·
1227 4054 1364 4122 ditiect
1385 4051 1526 4135 nitore,
1558 4067 1593 4122 ct
1613 4079 1710 4124 novo
1735 4056 1866 4147 pabulo
1890 4054 2101 4124 reficiendae
2128 4066 2224 4125 sunt·

189 4181 301 4252 quum
320 4154 452 4225 dictum
468 4154 688 4224 Romanum.
740 4152 874 4223 Milites
889 4165 1030 4245 oportet
1047 4153 1085 4221 in
1100 4152 1175 4219 acie
1227 4180 1323 4247 apes.

187 4259 302 4343 mori,
328 4256 365 4325 id
382 4269 453 4341 est,
480 4256 575 4326 inter
589 4255 850 4348 praeliandum.
901 4255 948 4324 Et
963 4255 1070 4322 illud:
1106 4251 1176 4321 lm·
1326 4253 1388 4324 Vs.
1410 4252 1499 4326 267.
1550 4256 1685 4346 Gallae]
1727 4256 1762 4326 id
1798 4269 1868 4341 est,
1910 4257 2046 4352 aliquid
2081 4256 2212 4341 acerbi,

187 4372 391 4454 peratorem
417 4373 560 4453 oportet
582 4370 733 4428 stantem
766 4358 880 4440 mori,
920 4370 985 4428 etc.
1050 4355 1175 4450 ltaque
1227 4360 1325 4452 quod
1356 4356 1451 4425 valet
1481 4368 1605 4423 contra
1630 4358 1939 4447 putrefactionem.
1995 4358 2060 4428 Est
2083 4373 2211 4428 notum

187 4489 254 4534 nos
283 4464 413 4554 singuli
443 4465 483 4532 in
512 4475 638 4533 nostro
668 4484 817 4531 munere
848 4462 1018 4529 debemus
1042 4458 1176 4528 imitari
1227 4459 1346 4541 vobis,
1373 4482 1443 4552 qno
1469 4470 1620 4527 utuntur
1638 4460 1675 4527 in
1692 4472 1905 4529 atramento.

187 4567 286 4635 illam
306 4589 414 4658 apum
430 4565 699 4648 fortitudinem,
725 4563 844 4634 subire
869 4576 995 4634 cuncta
1014 4563 1174 4654 pericula
1328 4559 1390 4631 Vs.
1411 4559 1500 4634 269.
1532 4557 1698 4660 Defruta]
1726 4574 1885 4654 gesotten
1910 4586 2037 4655 weyn,
2073 4564 2212 4646 vinum,

187 4694 255 4763 pro
273 4668 477 4739 defensione
494 4667 676 4759 religionis
693 4680 727 4734 et
738 4667 888 4757 patriae.
1229 4666 1326 4759 quod
1349 4664 1544 4747 deferbuit,
1586 4664 1721 4749 idest,
1754 4677 1894 4735 coctum
1917 4664 2063 4750 vinum,
2096 4666 2145 4735 ita
2171 4676 2214 4734 ut

290 4771 351 4842 Vs.
368 4771 455 4844 239.
482 4775 671 4866 Parcaeque
691 4768 825 4860 latura]
852 4769 890 4840 Si
912 4768 981 4837 erit
1000 4768 1091 4838 dura
1109 4762 1176 4860 by·
1228 4779 1367 4836 tantum
1391 4766 1495 4834 tertia
1518 4791 1602 4858 pars
1624 4766 1860 4862 relinquatur.
1918 4766 1981 4836 Illa
2005 4780 2103 4837 cocta
2127 4768 2212 4836 vina
2252 4828 2255 4833 .

189 4898 285 4959 ems,
310 4876 391 4965 plus
407 4875 586 4967 relinques
604 4873 654 4942 eis
669 4873 737 4940 cibi
755 4873 792 4941 in
807 4869 984 4942 alveariis.
1227 4869 1383 4964 retinent
1400 4867 1560 4937 nativam
1577 4868 1814 4940 dulcedinem.
1915 4873 2068 4963 Psithia]
2092 4871 2128 4939 id
2146 4882 2213 4951 est,

289 4977 350 5047 Vs.
361 4975 448 5050 241.
479 4979 622 5068 styma]
648 4974 780 5044 scilicet
795 4977 839 5043 ad
855 4977 1007 5066 lugenda
1026 4995 1175 5042 venena.
1226 4997 1314 5043 uvas
1330 4994 1472 5063 passas,
1499 4996 1517 5038 a
1537 4970 1630 5041 loco.

289 5079 351 5151 Vs.
366 5078 454 5154 243.
481 5079 616 5170 Stellio]
642 5077 712 5145 Ein
728 5073 858 5146 melch.
910 5078 974 5148 Est
993 5076 1173 5145 maculosa
1328 5072 1486 5146 vaeao.
1515 5076 1625 5146 Grave
1639 5075 1780 5166 olentia]
1794 5072 1976 5144 Differunt
1991 5096 2099 5164 grave
2112 5070 2215 5143 olens

188 5178 333 5251 lacerta.
384 5180 471 5252 Inde
490 5181 729 5252 iurisconsulti
747 5194 878 5248 vocant
894 5182 1029 5249 crimen
1044 5178 1176 5248 stellio·
1228 5190 1263 5245 et
1277 5177 1464 5247 foetidum.
1491 5175 1609 5246 Grave
1627 5179 1725 5248 olens
1742 5192 1806 5263 est,
1823 5178 1919 5272 quod
1938 5176 2213 5245 offenditnimio
2331 5206 2338 5219 ·

188 5290 323 5362 natus,
368 5285 448 5352 dem
487 5309 572 5352 man
603 5286 744 5377 keynen
779 5307 911 5352 namen
944 5285 1018 5351 kan
1052 5283 1176 5372 geben.
1228 5280 1339 5348 odore
1355 5291 1390 5349 et
1403 5283 1525 5349 denso.
1575 5279 1903 5351 Foetidumautem
1926 5290 1978 5346 est
1998 5303 2060 5347 sua
2081 5289 2211 5345 natura

188 5436 397 5450 ......-.
1227 5381 1411 5453 inimicum
1438 5395 1473 5451 et
1492 5382 1640 5452 noxium
1666 5382 1813 5452 cerebri.
1918 5380 2121 5469 Centaurea]
2147 5375 2214 5445 Est

228 5512 276 5577 te)
294 5516 372 5568 lton.
388 5512 416 5578 7,
433 5512 460 5565 7.
748 5493 753 5501 ’
1137 5498 1141 5505 “
1228 5484 1359 5576 duplex
1376 5497 1623 5554 centauream:
1649 5483 1785 5567 maius,
1811 5481 1909 5575 quod
1932 5503 1998 5550 noe
2022 5478 2130 5569 vulgo
2153 5498 2213 5546 re·
