4784 6256
287 300 377 392 'ass
722 246 728 257 ’
764 326 768 356 =
849 305 1010 377 run.
1028 304 1141 380 stat.
1174 303 1386 378 SCRIPTA·
1406 298 1742 377 aaruomorm.
1839 336 1845 346 -
2249 308 2343 386 ω

288 487 436 557 'librum
467 486 511 552 de
535 480 725 553 collatione
746 475 930 549 Ciceronis
963 488 997 545 et
1025 476 1137 567 patris
1163 473 1291 546 Asinii.
1343 478 1433 545 ordo
1451 477 1481 546 is
1496 489 1558 547 est.
1591 476 1717 545 Primo
1735 475 1816 543 loco
1832 459 2338 567 excusatio-ponitur-summa

291 587 400 660 'Cum'
428 584 538 677 igitur
559 582 730 673 Virgilius
762 592 851 649 esset
875 577 1010 648 amicus
1033 578 1128 671 patri
1153 577 1293 661 Asinio,
1343 601 1422 648 cum
1435 579 1611 648 modestia
1638 577 1825 670 gravitatis
1851 578 2075 668 argumenti,
2104 581 2203 672 quod
2227 578 2339 652 subli-

269 770 271 774 .
304 689 504 784 ‘mutatur
526 685 559 753 ei
581 696 706 753 natum
735 681 848 751 lilium
876 679 1092 752 Pollionem.
1156 679 1291 773 Estque
1342 681 1435 751 mins
1451 693 1521 763 est,
1547 703 1656 774 quarn
1675 679 1860 771 permittat
1876 681 2111 770 pastoralium
2127 705 2337 756 sermonum

290 789 392 863 'haec
420 787 551 876 Ecloga
586 784 725 877 generis
754 783 1040 852 demonstrativi.
1103 781 1292 852 Praedicat
1343 783 1561 873 simplicitas.
1601 782 1771 876 Sequitur
1788 783 2008 873 propositio:
2037 782 2116 876 (Vs.
2130 783 2183 872 4.)
2209 790 2337 860 vtem

292 917 296 923 .
305 894 400 965 enim
423 889 627 958 felicitatem
646 898 863 978 temporum,
890 897 928 952 et
942 897 1069 952 narrat
1083 883 1196 955 filium
1213 884 1292 954 Asi-
1345 889 1480 958 Gomaei
1498 898 1564 956 etc.
1613 884 1748 978 Estque
1763 877 1859 976 haec*
1870 884 2068 970 sententia,
2095 880 2194 980 quod
2208 890 2336 962 felicis-

304 996 367 1068 nio
383 1005 510 1062 natum
527 1015 600 1061 esse
614 987 828 1060 felicissimis
836 989 1076 1077 ¹temporibus,
1104 988 1161 1058 cui
1179 986 1290 1056 multa
1343 987 1432 1058 sima
1455 990 1521 1057 sub
1543 984 1611 1057 hoc
1627 1010 1741 1079 puero
1759 986 1831 1056 sint
1848 999 1999 1056 ventura
2017 1000 2194 1081 tempora.
2246 993 2337 1062 Pro-

291 1116 479 1192 ·prospera
504 1093 730 1184 contingent,
765 1103 801 1159 et
823 1087 998 1180 significat
1017 1091 1116 1172 sore,
1141 1101 1183 1159 nt
1204 1102 1292 1157 tem-

303 1222 435 1292 porum
457 1196 606 1266 felicitas
627 1194 730 1264 novis
752 1193 857 1263 bonis
891 1192 1092 1262 cumuletur
1118 1202 1206 1260 nato
1229 1191 1294 1259 tali

304 1299 478 1394 principe.
536 1296 583 1366 Et
602 1308 642 1366 ut
665 1297 780 1365 oratio
799 1306 989 1377 cresceret,
1021 1289 1200 1363 rhetorica
1217 1316 1294 1361 am-

304 1401 523 1496 plificatione
539 1399 720 1469 distribuit
734 1398 792 1466 illa
810 1421 981 1489 prospera
999 1396 1038 1464 in
1054 1398 1185 1486 gradus
1198 1406 1294 1464 aeta-

306 1505 365 1576 tis.
422 1499 464 1571 Iu
488 1503 558 1570 fine
586 1501 687 1570 addit
714 1494 957 1591 apostrophen
982 1500 1039 1567 vel
1060 1500 1106 1567 ad
1128 1520 1294 1590 puerum,

305 1607 362 1678 rel
376 1607 526 1696 figurate
547 1604 593 1672 ad
608 1603 820 1693 Augustum.
872 1600 1095 1692 Principium
1116 1600 1294 1668 narratio·

305 1709 363 1779 nis
377 1709 421 1776 de
436 1707 605 1775 felicitate
621 1717 827 1795 temporum
846 1703 1002 1793 pertinet
1020 1703 1067 1770 ad
1081 1704 1293 1794 Augustum.

306 1809 453 1900 Repetit
477 1808 572 1876 enim
598 1810 776 1901 quaedam
797 1805 967 1874 vaticinia
992 1806 1167 1898 Sibyllae,
1202 1828 1294 1898 quae

298 1914 353 1982 ‘de
369 1904 612 2002 pulcherrimo
631 1920 726 1979 statu
740 1908 928 1976 Romanae
951 1903 1183 1976 monarchiae
1209 1931 1293 1998 pro·

301 2014 383 2083 'dita
400 2025 523 2095 erant,
548 2010 632 2104 quia
647 2011 771 2096 omnia,
786 2009 937 2101 imperia
956 2005 1160 2080 habuerunt
1174 2009 1294 2102 aliqua

221 2136 226 2141 '
308 2114 491 2184 vaticinia.
541 2111 676 2207 Estque
691 2114 952 2204 propemodum
974 2111 1197 2203 totulicloga
1215 2135 1295 2203 per-

308 2227 417 2309 petua
438 2215 612 2285 narratio.

580 2383 713 2453 Aliud
747 2381 949 2452 eiusdem
967 2380 1025 2467 ¹⁸).

412 2521 508 2590 Miro
538 2518 689 2587 artificio
713 2517 894 2588 transtulit
916 2528 1022 2609 poeta
1045 2525 1294 2607 argumentum

309 2621 330 2694 a
346 2621 520 2693 Pollionis
535 2620 608 2690 lilio
624 2621 670 2688 ad
683 2621 827 2690 laudem
849 2632 1073 2710 temporum,
1098 2641 1162 2688 seu
1182 2617 1296 2707 impe·

307 2725 354 2796 rii
372 2723 534 2815 Augusti.
584 2723 679 2794 Nam
696 2746 777 2791 cum
793 2722 884 2791 bene
909 2733 1077 2812 precatur
1095 2743 1209 2812 puero
1229 2742 1294 2786 na·

307 2827 438 2910 scenti,
464 2848 570 2896 omen
584 2824 753 2894 felicioris
769 2827 894 2915 partus
910 2823 1039 2917 accipit
1053 2824 1099 2892 ab
1116 2847 1171 2905 eo,
1197 2822 1293 2915 quod

307 2927 460 3020 Augusti
483 2928 706 3018 temporibus
738 2940 961 3009 nasceretur,
1001 2949 1073 3019 quo
1092 2926 1293 3017 imperante

305 3032 413 3123 plane
444 3030 578 3097 rediret
610 3052 758 3098 aureum
790 3030 973 3123 quoddam
998 3028 1177 3110 seculum,
1210 3050 1291 3095 cum

307 3133 384 3201 eius
413 3130 604 3198 autoritate
632 3132 952 3222 rnodcrationeque
978 3142 1082 3220 parta
1113 3128 1192 3198 orbi
1221 3152 1293 3220 par

299 3242 418 3314 esset,
452 3253 534 3299 curn
562 3228 784 3321 quiescerent
807 3255 826 3299 a
847 3231 948 3299 bellis
971 3231 1131 3322 undique
1157 3230 1292 3312 omnia,

305 3333 478 3401 florerent
511 3332 668 3421 optimae
702 3344 814 3414 artes,
855 3343 946 3401 esset
978 3326 1095 3401 honos
1128 3331 1291 3421 ingeniis,

304 3434 503 3528 plurimum
520 3445 665 3524 possent
682 3446 716 3501 ct
731 3437 826 3525 apud
844 3433 1044 3524 principem
1070 3445 1105 3500 et
1125 3433 1163 3500 iu
1185 3456 1291 3524 repu-

304 3536 397 3606 blica
413 3535 476 3630 qui
489 3536 617 3627 optimi
632 3539 745 3606 erant.
797 3536 914 3605 Porro
930 3531 1023 3604 hanc
1043 3535 1153 3606 seculi
1169 3535 1291 3604 condi·

304 3639 441 3710 tionem
455 3640 567 3731 figura
584 3640 670 3709 texit
684 3651 812 3731 poeta,
837 3651 879 3708 ut
893 3642 1024 3708 decoro
1039 3637 1207 3723 serviret,
1230 3663 1290 3707 ru·

303 3742 448 3814 sticanis
471 3768 555 3814 usus
579 3742 769 3834 exemplis,
798 3740 985 3824 laudibus,
1019 3740 1199 3809 oratione:
1235 3741 1289 3809 in·

304 3859 484 3915 crementa
504 3846 614 3915 seculi
634 3844 735 3914 aurei
751 3843 874 3913 retulit
888 3846 934 3914 ad
950 3844 1169 3913 incrementa
1193 3856 1289 3912 aeta-

301 3947 349 4017 tis
365 3948 481 4038 pueri.

599 4114 740 4185 Aliud
773 4115 987 4190 eiusdem.

404 4251 665 4342 Argumentum
679 4253 832 4346 Eclogac
847 4266 997 4348 quartae
1014 4247 1082 4321 hoc
1098 4266 1161 4324 est.
1214 4252 1287 4322 Sub

301 4357 464 4446 Augusto
481 4352 630 4426 Caesare
644 4356 793 4449 insignis
810 4356 878 4426 fuit
902 4366 1025 4425 orator
1039 4353 1183 4426 Asinius
1202 4353 1286 4424 Pol·

1343 1089 1475 1182 positio
1499 1103 1552 1160 est
1564 1091 1716 1180 figurata
1739 1089 1898 1182 poetico,
1923 1092 1987 1160 sed
2010 1093 2206 1162 admodum
2232 1109 2335 1184 grato

1345 1204 1559 1261 ornamento
1583 1194 1627 1260 de
1642 1192 1799 1283 Sibyllae
1822 1192 1987 1263 oraculis.
2038 1195 2171 1264 Addita
2198 1209 2252 1265 est
2273 1221 2332 1266 er·

1344 1294 1475 1388 positio
1507 1294 1669 1386 specialis
1694 1317 1840 1376 eorum,
1874 1317 1967 1388 quae
1990 1293 2125 1388 Sibylla
2147 1299 2333 1388 praedixe-

1346 1409 1413 1466 rat.
1465 1396 1619 1466 Ponitur
1641 1409 1676 1465 et
1697 1397 1856 1487 precatio
1878 1420 1959 1466 cum
1980 1398 2221 1490 descriptione
2246 1401 2332 1471 certi

1344 1499 1516 1589 temporis
1530 1495 1597 1594 ⁴⁴),
1637 1523 1710 1592 quo
1743 1501 1862 1569 futura
1888 1512 1972 1569 sunt
2000 1512 2105 1569 antea
2139 1499 2334 1593 praedicta.

1345 1601 1484 1671 Deinde
1508 1602 1657 1692 ponitur
1686 1600 1825 1691 integra
1854 1602 2046 1693 descriptio
2076 1605 2245 1674 carminis
2273 1627 2332 1696 ge-

1344 1699 1532 1786 nethliaci,
1557 1727 1649 1796 quae
1665 1704 1889 1773 consumitur
1903 1705 1942 1771 in
1958 1706 2231 1775 enumeratione
2252 1730 2333 1796 gra·

1344 1809 1454 1876 duum
1481 1805 1624 1891 aetatis,
1649 1819 1690 1875 ut
1714 1806 1906 1895 significet,
1939 1831 2115 1900 quaenam
2139 1811 2333 1877 commoda

1345 1931 1585 2002 unaquaeque
1601 1920 1698 1978 aetas
1720 1909 1767 1977 sit
1788 1909 1951 1980 allatura.
2012 1909 2172 1986 Primum
2196 1910 2331 1978 descri-

1346 2012 1442 2080 bitur
1457 2010 1631 2103 pueritia,
1658 2033 1749 2105 quae
1764 2024 1817 2081 est
1831 2012 2053 2080 abundatura
2076 2011 2176 2078 omni
2198 2034 2332 2100 genere

1345 2114 1584 2206 voluptatum.
1634 2112 1809 2206 Reliquae
1836 2115 1927 2182 duae
1954 2125 2102 2195 aetates,
2127 2113 2334 2182 adolescen-

1347 2216 1396 2284 tia
1421 2228 1457 2284 et
1475 2217 1659 2300 iuventus,
1685 2212 1819 2284 habent
1838 2216 2113 2307 descriptionem
2134 2215 2333 2285 multorum

1347 2320 1641 2400 commodorum,
1670 2329 1705 2387 et
1724 2341 1874 2410 magnae
1889 2318 2170 2412 tranquillitatis.
2219 2316 2334 2388 Addi-

1347 2432 1406 2489 tur
1421 2421 1650 2511 amplificatio
1667 2444 1687 2489 a
1705 2435 1803 2491 voto.
1854 2419 1895 2488 ln
1911 2421 1982 2490 line
1997 2411 2093 2519 ((Vs.
2111 2420 2188 2510 62.)
2201 2423 2329 2507 Incipe,

1343 2547 1448 2613 portae
1470 2529 1574 2612 puer)
1605 2536 1657 2593 est
1683 2523 1842 2614 precatio
1874 2524 2048 2614 longioris
2078 2523 2174 2592 vitae
2198 2534 2232 2590 et
2253 2543 2331 2589 ma·

1346 2649 1438 2717 gnae
1457 2624 1646 2696 felicitatis.
1988 2620 1992 2627 ’

1649 2790 1784 2862 Aliud
1819 2792 2028 2899 ejusdem.

1445 2928 1558 2996 Valde
1580 2902 1943 2998 memorauitteilocus
1964 2936 2018 2993 est
2039 2923 2077 2991 in
2098 2919 2165 2990 hac
2188 2920 2333 3010 Ecloga

1344 3031 1387 3098 de
1412 3042 1567 3123 quatuor
1589 3031 1780 3113 aetatibus,
1812 3052 1904 3123 quae
1924 3037 2057 3095 aetates
2080 3023 2172 3093 sicut
2193 3022 2233 3090 iu
2258 3023 2334 3092 sin·

1343 3132 1434 3222 gulis
1449 3127 1674 3218 hominibus,
1700 3132 1750 3201 ita
1766 3131 1873 3201 etiam
1888 3153 2009 3201 rerum
2025 3151 2110 3198 usus
2126 3127 2233 3194 docet
2256 3148 2331 3194 esse

1343 3257 1402 3305 eas
1435 3235 1474 3302 in
1507 3235 1767 3306 mutationibus
1806 3234 2007 3305 seculorum
2043 3241 2079 3298 et
2111 3241 2330 3319 temporum.

1341 3335 1434 3408 Nam
1450 3339 1589 3409 nullum
1605 3339 1673 3408 fuit
1686 3338 1879 3430 imperium
1892 3347 2033 3426 tautum
2046 3332 2114 3403 sub
2129 3330 2217 3411 sole,
2230 3332 2330 3420 quod

1342 3463 1417 3509 non
1438 3441 1617 3510 invenerit
1638 3436 1727 3511 baec
1750 3453 1910 3510 aetatum*
1933 3437 2041 3508 mala.
2091 3433 2186 3506 Nam
2207 3430 2328 3501 omnia

1341 3543 1512 3634 imperia,
1539 3545 1693 3613 maxime
1715 3542 1987 3623 Romanorum,
2020 3560 2041 3606 a
2065 3534 2187 3628 parvis
2210 3555 2328 3601 creve-

1341 3660 1428 3716 runt
1450 3645 1582 3730 initiis,
1614 3647 1730 3716 donec
1753 3645 1863 3732 slew)
1892 3643 2045 3715 exaltata
2067 3652 2103 3709 et
2128 3639 2219 3707 elata
2250 3636 2326 3702 fue·

1341 3751 1434 3831 rint,
1460 3749 1555 3818 mole
1574 3761 1615 3819 ut
1637 3750 1805 3818 laborent
1823 3771 1900 3818 sua.
1951 3744 2068 3813 Porro
2090 3752 2196 3832 poeta
2209 3747 2326 3807 traus-

1341 3851 1423 3920 tulit
1437 3863 1594 3920 aetatum
1609 3851 1754 3923 illarum
1767 3849 1945 3920 rationem
1961 3858 1997 3915 et
2014 3847 2060 3915 ad
2076 3857 2239 3933 tempora
2252 3840 2328 3908 Au·

1341 3951 1434 4043 gusti
1449 3953 1610 4026 Caesaris
1627 3968 1661 4025 et
1679 3958 1726 4025 ad
1748 3947 2098 4047 aetatemSalonini,
2130 3941 2196 4014 filii
2212 3938 2327 4013 Asinii

1339 4054 1526 4130 Pollionis.

1637 4226 1777 4296 Aliud
1811 4224 2026 4296 eiusdem.
2134 4307 2137 4310 Α

1441 4364 1586 4435 Asinius
1609 4360 1728 4431 Pollio
1753 4361 1821 4431 fuit
1846 4356 2041 4452 proconsul
2060 4365 2221 4442 tempore
2240 4347 2328 4417 Vir·

300 4457 352 4549 lio
369 4457 407 4525 in
426 4458 552 4526 ducem
569 4457 776 4529 Germanici
800 4460 972 4529 exercitus
995 4472 1144 4550 propter
1166 4458 1286 4549 singu·
1338 4463 1415 4554 gilii
1434 4465 1474 4532 in
1495 4463 1698 4556 Hispaniis,
1723 4475 1852 4554 potens
1877 4464 1916 4530 in
1939 4461 2105 4530 Romana
2127 4452 2328 4545 republica,

300 4559 395 4632 lares
413 4560 514 4630 dotes
535 4559 675 4632 electus.
727 4560 864 4652 lspost
885 4557 1109 4653 triumphum
1135 4561 1180 4629 ad
1202 4582 1287 4628 ron·
1339 4566 1515 4655 gratiosus
1544 4567 1640 4659 apud
1670 4564 1889 4657 Augustum,
1922 4576 1959 4632 et
1986 4564 2117 4641 fautor,
2134 4553 2327 4640 hominum

110 4662 113 4667 ’
223 4670 224 4675 ’
300 4663 455 4735 sulatum
479 4674 531 4733 est
554 4677 712 4747 evectus,
746 4690 818 4758 quo
840 4676 1002 4756 tempore
1018 4664 1131 4732 tilium
1152 4660 1287 4751 genuit,
1337 4669 1537 4740 doctorum.
1587 4668 1679 4737 Huic
1694 4681 1798 4739 natus
1816 4680 1869 4738 est
1883 4667 1975 4736 lilius
1992 4661 2205 4742 Saloninus,
2226 4657 2326 4727 cuius

301 4790 409 4860 quem
445 4789 466 4833 a
502 4765 612 4858 captis
651 4767 790 4837 Salonis
825 4766 1037 4838 Saloninum
1071 4763 1284 4834 nominavit.
1337 4772 1505 4841 nativitas
1517 4767 1577 4841 hic
1592 4772 1801 4842 celebratur.
1852 4767 1995 4838 Laudat
2013 4778 2134 4836 autem
2154 4760 2326 4851 Virgilius

301 4868 417 4940 Huius
438 4866 531 4936 tanti
552 4867 622 4937 viri
641 4869 755 4960 gratia
777 4881 813 4938 et
828 4869 1021 4939 autoritate
1034 4877 1154 4939 motus
1168 4864 1285 4955 Virgi·
1337 4896 1411 4942 non
1428 4887 1502 4943 tarn
1518 4874 1638 4967 ipsam,
1648 4875 1872 4947 nativitatem
1886 4869 2009 4966 pueri,
2041 4867 2105 4939 sed
2128 4864 2243 4956 magis
2264 4862 2327 4930 illa

298 4971 370 5042 lius
390 4964 673 5063 genethliacum,
710 4967 879 5056 horest,
911 4991 1056 5039 carmen
1079 4962 1283 5038 udlalitium
1338 4987 1500 5068 tempora
1525 4990 1558 5047 et
1581 4977 1670 5047 illud
1694 4976 1904 5069 imperium,
1930 4996 2003 5068 quo
2018 4971 2094 5064 ipse
2110 4981 2216 5037 uatus
2233 4977 2328 5047 erat,

300 5068 370 5151 bac
392 5070 524 5164 Ecloga
551 5076 734 5159 decantat,
772 5073 879 5145 simul
904 5072 1107 5163 complexus
1120 5068 1283 5161 Augusti,
1337 5089 1372 5147 et
1387 5102 1454 5170 per
1475 5103 1697 5176 consequens
1722 5081 1831 5150 etiam
1853 5079 1977 5148 laudat
1996 5073 2184 5161 Caesarem
2198 5066 2329 5158 Augu-

210 5178 214 5184 “
299 5172 476 5246 Pollionis
491 5190 526 5248 et
539 5180 642 5270 pueri
650 5166 1061 5248 Saloninilaudatioues.
1081 5172 1283 5245 ¹Caeterum
2171 5164 2174 5169 ’

301 5342 518 5370 Μ’
1101 5366 1109 5385 ε
1137 5356 1207 5387 *ML
1249 5365 1265 5399 ¹.

246 5442 249 5447 ’
295 5419 299 5428 ’
334 5420 384 5507 ir)
401 5443 484 5492 artua
496 5440 642 5500 ermom]
659 5437 688 5488 u
701 5437 751 5488 ro.
767 5426 842 5489 tter
861 5434 957 5490 mtto
970 5438 1038 5491 ant
1054 5439 1154 5494 vnn:
1168 5437 1199 5511 u
1214 5453 1283 5494 ua·
1329 5446 1343 5457 ··

368 5511 429 5561 doru
444 5513 585 5573 tolosam.
1140 5511 1144 5517 ’

1368 5337 1417 5405 tt)
1435 5339 1504 5420 oertt
1521 5338 1668 5460 teprports]
1691 5339 1731 5389 sio
1747 5337 1797 5387 Ed.
1814 5333 1906 5396 tm,
1923 5332 2013 5390 ,Eunt
2029 5330 2126 5397 tm,
2149 5325 2228 5381 tm.
2252 5328 2333 5378 ten—

1401 5419 1480 5471 porrs
1496 5419 1545 5460 cer
1570 5446 1576 5460 .
1811 5431 1813 5435 ·

1368 5505 1417 5573 ta)
1434 5507 1490 5572 sto]
1506 5507 1547 5560 nlo
1562 5509 1614 5564 Ed.
1628 5504 1721 5572 ¹⁸⁶⁵&
1737 5500 1827 5557 ΗΜ,
1840 5497 2082 5607 fflfflmqpt
2304 5574 2313 5587 ,Ι
