4784 6256
149 287 224 365 εει
287 231 292 238 ’

150 463 235 546 der,
262 458 325 553 qui
343 472 554 530 numeratur
567 458 661 527 inter
676 471 811 548 septem
827 461 1017 552 sapientes,
1046 465 1144 534 cuius

151 576 204 634 est
219 561 305 635 illud
323 565 475 632 dictum:
503 556 574 655 Μὴ
589 555 706 634 κακὸν
723 562 771 632 ἰῶ
786 566 903 659 κακῷ.
948 562 1035 634 Eius
1051 566 1144 635 filius

152 666 199 734 ab
215 689 257 735 εο
278 666 423 747 defecit,
450 677 485 733 et
498 666 609 732 factus
624 676 675 732 εει
694 656 806 736 hostis
827 665 959 756 patris,
984 666 1075 736 sicut
1091 681 1145 760 ty·

147 768 273 837 raunis
295 791 369 835 non
394 779 445 835 est
468 765 650 836 diuturna.
714 767 907 860 Tyrannus
935 778 1036 843 neunt
1065 791 1144 846 nitu

149 869 356 964 Cypselidas
381 868 572 961 inscripto
603 869 641 936 in
664 866 863 963 Olynthiis:
902 864 1058 965 Ἕξώλης
1089 874 1144 967 εἴη

48 1000 59 1019 .
147 965 373 1068 Κυψελιδῶν
393 964 524 1068 γενεά,
558 971 685 1056 idest,
709 972 857 1043 Utinam
879 986 1004 1067 pereat
1027 987 1143 1045 toturn

147 1098 259 1165 genus
276 1071 516 1163 tyrannicum.
569 1071 774 1146 Herodotus
793 1072 962 1170 Tappw)
984 1075 1058 1170 [ogi
1081 1081 1143 1153 bob

147 1174 339 1252 &oculum
356 1194 421 1248 uon
436 1180 527 1249 tent
551 1172 692 1262 Αὐτὸς,
717 1174 781 1249 καὶ
800 1173 949 1268 παῖδες,
973 1175 1039 1253 καὶ
1057 1176 1143 1253 παί-

145 1270 227 1351 δων
243 1273 313 1349 οὐκ
328 1274 380 1348 ἔτι
394 1271 596 1370 παῖδεςπ),
630 1278 666 1348 id
689 1294 759 1362 cst,
795 1280 960 1372 regnabit
983 1280 1058 1373 ipse
1074 1281 1147 1383 Cy1

144 1380 261 1474 pselas
284 1392 319 1447 ει
343 1379 560 1479 Periander,
600 1382 661 1449 sed
683 1405 757 1450 non
779 1382 854 1453 eius
877 1384 1023 1474 posteri.
1090 1385 1142 1459 (ξι

145 1482 243 1577 gtbct
259 1479 320 1573 offt
333 1482 367 1573 fo
384 1482 447 1555 mit
470 1485 530 1558 ten
553 1483 734 1576 tyrannis,
768 1496 809 1554 ut
822 1481 947 1554 Achab
969 1485 1007 1554 in
1029 1498 1143 1556 veteri

144 1582 400 1685 fllestamcnto,
428 1597 463 1653 et
476 1585 627 1679 reliqui,
654 1586 716 1680 qui
730 1587 878 1680 rapiunt
892 1612 1014 1680 regna.

28 1690 37 1713 ⁸
152 1704 155 1709 ·
247 1684 327 1760 Vss.
342 1684 418 1758 895
433 1713 487 1782 sq.
512 1687 578 1758 Vir
599 1684 692 1758 nihil
712 1689 838 1789 melius
861 1685 970 1760 habet
990 1689 1141 1761 circum·
1201 1738 1207 1749 .

145 1788 328 1889 spectione
343 1790 502 1875 consilii,
526 1816 643 1886 neque
660 1788 847 1864 nocentius
863 1793 1118 1884 imprudentia.

247 1893 308 1967 Vs.
323 1892 409 1967 897.
446 1891 598 1993 cyrne]
633 1894 754 1967 Mores
778 1895 885 1965 amici
909 1897 1052 1967 noveris
1075 1908 1140 1968 etc.

145 1999 333 2097 Quaedam
366 2010 450 2070 sunt
476 1997 564 2068 boni
594 2001 812 2070 consulenda
842 2011 878 2069 ει
902 1999 1140 2069 condonanda

34 2153 38 2159 ,
145 2096 532 2175 communihominum
551 2102 763 2173 infirmitati.
805 2101 1010 2197 Paulus⁷⁸):
1039 2103 1142 2172 Alter

145 2206 292 2278 alterius
309 2228 417 2275 onera
434 2201 587 2297 portate.
639 2208 819 2298 Augustus
833 2205 902 2275 fuit
917 2205 1079 2297 sapiens,
1107 2217 1142 2274 ει

145 2321 268 2380 tamen
290 2311 335 2378 de
355 2306 429 2379 eius
449 2308 659 2379 morositate
682 2320 895 2404 conquestus
917 2321 970 2377 est
991 2306 1142 2377 Marcel-

61 2407 65 2415 ’
145 2411 202 2484 lus
218 2425 253 2482 ει
268 2411 468 2482 Maecenas.
521 2411 634 2503 Saepe
657 2426 710 2483 est
731 2410 983 2483 dissimilitudo
1006 2410 1142 2494 iudicii,

76 2528 79 2541 '
146 2527 184 2585 et
204 2527 354 2610 uterque
376 2511 484 2585 habet
507 2516 711 2605 probabiles
733 2539 867 2585 causas.
930 2512 1008 2582 Hoc
1032 2512 1141 2582 etiam

145 2629 265 2710 potest
279 2618 374 2701 fieri,
401 2631 485 2689 sunt
506 2618 744 2689 dissensiones
768 2619 862 2686 inter
883 2641 1043 2688 summos
1065 2616 1141 2688 sine

146 2720 358 2805 acerbitate,
380 2723 483 2806 odio,
511 2745 616 2815 saepe
639 2723 809 2816 utrinque
835 2731 919 2791 sunt
938 2720 1143 2811 probabiles

146 2846 284 2895 causae.

247 2926 325 2999 Vss.
342 2928 569 3004 898-902.
594 2929 677 3001 Non
694 2929 886 3023 indagans,
912 2926 1143 3000 considerans

144 3054 317 3122 magnum
339 3032 534 3114 damnum,
560 3033 661 3101 adest
686 3031 781 3103 iusto
804 3045 840 3101 et
861 3025 1026 3127 iniusto.]
1052 3028 1144 3099 Sunt

146 3133 202 3203 sui
223 3132 330 3201 naevi
352 3132 518 3203 inbonis
540 3144 576 3201 ει
601 3132 715 3203 malis.
782 3131 866 3203 Non
890 3147 943 3202 est
967 3133 1079 3204 iustus
1103 3130 1143 3198 in

145 3246 242 3303 terra
259 3228 392 3326 etc.⁷⁶).
444 3230 484 3301 ld
506 3246 577 3316 est,
605 3234 788 3328 loquendo
813 3238 857 3305 de
881 3235 1042 3305 civilibus
1061 3257 1142 3325 pec·

145 3334 255 3417 catis,
278 3332 370 3404 sicut
393 3333 443 3402 ibi
467 3337 512 3404 de
535 3334 611 3407 istis
632 3335 795 3430 loquitur
809 3336 994 3408 Salomon.
1023 3336 1143 3406 Catul-

145 3435 277 3530 lus⁷⁰):
302 3435 394 3507 Suus
416 3437 545 3532 cuique
568 3440 759 3510 attributus
783 3453 835 3510 est
858 3463 981 3524 error,
1015 3439 1052 3510 id
1078 3450 1143 3524 est,

147 3538 239 3610 alius
261 3538 393 3631 magis,
429 3541 520 3614 alius
543 3543 682 3626 minus,
720 3544 839 3617 nullus
861 3540 1050 3614 hominum
1077 3566 1142 3634 pet

146 3666 220 3715 sese
244 3642 367 3714 omnia
389 3644 493 3737 sapit.
560 3643 617 3715 llli
646 3646 841 3739 plurimum
874 3659 1042 3740 peccant,
1078 3645 1143 3738 qui

145 3741 281 3818 habent
294 3747 393 3817 illam
409 3750 453 3816 de
475 3773 511 3818 εε
534 3750 823 3839 persuasionem,
857 3751 956 3845 quod
975 3749 1044 3841 ipsi
1067 3772 1142 3816 non

146 3849 327 4020 labanltur,
351 3851 401 3925 bit
416 3850 756 3945 tfgtttt'fttttigteaedpfft
771 3866 855 3923 sunt
870 3854 963 3921 faces
979 3850 1141 3920 omnium

148 3963 250 4022 tumu
266 3965 379 4022 tuum.

248 4051 327 4122 Vss.
343 4051 418 4123 903
432 4077 511 4147 sqq.
553 4052 676 4125 XLVl.
706 4053 831 4125 Bonus
853 4053 1035 4124 Servatius
1058 4053 1144 4124 facit

149 4154 287 4225 bonum
307 4154 611 4252 beneficium⁷⁰⁸).

252 4254 329 4325 Hoc
354 4258 506 4327 debebat
530 4283 603 4330 esse
628 4259 830 4351 principum
863 4259 1059 4353 parjetibus
1087 4259 1143 4327 in-

148 4358 341 4450 scriptum,
367 4373 402 4431 ει
417 4361 655 4453 privatorum.
707 4362 934 4433 Parsimonia
952 4375 1005 4435 est
1021 4385 1143 4432 aman·

148 4464 216 4546 da,
242 4475 283 4532 ut
302 4464 478 4553 possimus
500 4465 719 4535 benefacere.
778 4466 958 4539 Usitatum
985 4477 1037 4536 est
1059 4488 1141 4556 pro·

147 4564 297 4635 fundere
314 4568 503 4657 pecuniam
521 4567 560 4636 in
578 4593 634 4638 res
657 4567 800 4639 inutiles
825 4581 860 4637 ct
883 4590 1143 4644 non0necessa-

148 4665 240 4752 rias,
287 4680 322 4736 ει
358 4681 481 4758 postea
518 4671 647 4739 desunt
679 4668 783 4737 nervi
817 4672 863 4737 ad
896 4693 953 4738 res
985 4691 1143 4738 necessa·

19 4791 21 4799 ·
148 4768 233 4840 rias.
289 4768 373 4842 Non
398 4783 450 4842 εει
471 4771 680 4842 inusitatum
704 4770 877 4840 cardinali
899 4771 1038 4838 Romae
1059 4793 1142 4859 pro·

152 4927 359 4944 *nn—n·—

182 5021 233 5081 π)
251 5021 384 5077 Εεεοιιοι.
401 5021 438 5083 11,
453 5019 499 5086 91,
516 5019 544 5075 ὅ.

183 5106 233 5175 n)
251 5104 298 5156 nal
315 5103 425 5158 παίδων
441 5099 492 5155 οὔκ
508 5102 549 5156 ἔτι
564 5109 611 5167 π.]
629 5106 670 5157 sio
683 5107 734 5162 Ed.
744 5107 835 5171 16604
853 5107 985 5162 llerodut.
998 5106 1050 5159 tto.
1065 5103 1144 5158 Bell.

220 5179 249 5227 ει
266 5177 391 5231 Ιειιιιιεε.
413 5177 432 5227 l.
445 5176 465 5228 l.
483 5171 593 5226 παίδων
609 5188 641 5242 γε
657 5169 712 5241 μὲν
729 5171 820 5227 ndstra
838 5188 869 5227 n.

184 5263 234 5324 74)
252 5264 344 5315 octat.
356 5265 384 5330 6,
401 5264 427 5316 2.

40 5335 44 5344 ’
157 5394 163 5399 .
185 5347 234 5415 75)
252 5350 440 5403 Ecclesiaste·
453 5349 480 5412 7,
497 5348 542 5400 21.

184 5436 235 5496 tt)
254 5434 355 5489 catull.
367 5435 413 5497 22,
428 5436 472 5486 ω.

186 5521 257 5580 7⁶⁸)
278 5522 452 5582 beneficium]
471 5521 521 5574 tto.
538 5520 614 5572 tm
635 5519 813 5572 tancredum.

598 350 604 375 ζ
727 285 1603 389 rau..uur.sca1rrarn1uorootca.

2115 291 2194 370 162

1195 464 1344 534 fundere
1361 464 1399 531 in
1415 487 1512 532 anno
1528 464 1624 533 XXX
1637 463 1749 533 millia
1768 466 1981 536 ducatorum
2007 466 2045 533 in
2066 491 2194 538 amore

1196 569 1373 638 obscoeno
1390 579 1425 636 ει
1437 566 1546 657 turpi.

1297 685 1358 757 Vs.
1371 685 1458 757 905.
1485 686 1700 779 Quicunque
1719 689 1884 756 venando
1901 688 1957 755 vel
1979 710 2060 757 cum
2082 713 2195 760 vena·

1195 800 1255 855 tur
1270 812 1436 871 servans,
1462 789 1685 873 custodiens,
1720 789 1784 884 qui
1806 790 1909 859 valde
1925 789 2115 880 diligenter
2133 816 2195 862 cu·

1195 892 1326 974 studit,
1368 892 1405 960 id
1436 904 1507 974 est,
1546 892 1631 960 facit
1658 890 1822 983 sumptus
1854 916 1921 982 pro
1951 893 2193 966 facultatibus.

1195 993 1403 1062 Geminatio
1419 993 1595 1084 significat
1610 994 1845 1086 diligentiam.
1962 1026 1972 1035 ·
2039 1001 2044 1015 '

1296 1111 1357 1184 Vs.
1373 1111 1460 1185 904.
1496 1107 1709 1210 Κυδίστην]
1741 1114 1874 1196 idest,
1914 1114 2041 1206 vulgus
2066 1115 2192 1186 laudat

1194 1215 1461 1305 profusionem,
1490 1229 1525 1284 ει
1549 1215 1726 1307 sapientes
1746 1218 2005 1308 parsimoniam
2030 1217 2190 1289 laudant.

1193 1316 1333 1388 Nobilis
1358 1319 1504 1413 quidam
1528 1319 1634 1387 dixit:
1666 1308 2043 1418 ‘Parcis'principibus
2067 1321 2191 1392 utilius

1131 1488 1140 1502 ,
1194 1433 1284 1489 εεεει
1306 1419 1440 1491 servire
1464 1445 1572 1516 quam
1596 1421 1777 1513 prodigis,
1818 1423 1901 1518 quia
1933 1423 2078 1516 prodigi
2108 1448 2190 1516 pro·

1192 1522 1349 1593 fundunt
1382 1523 1457 1593 sinc
1491 1524 1648 1608 delectu,
1688 1537 1722 1593 ει
1751 1549 1827 1595 non
1856 1521 1989 1595 habent
2011 1527 2188 1597 rationem

1194 1623 1346 1694 virtutis.

1346 1743 1427 1819 tibet
1449 1744 1680 1838 tonitruus
1704 1746 1865 1839 uetgeten.

1400 1847 1504 1920 nens
1522 1846 1588 1938 feiu
1611 1844 1717 1941 &ling
1739 1849 1801 1923 tan
1822 1847 1953 1941 stetten
1966 1844 2016 1947 *).

1347 1947 1422 2022 §.tet
1444 1956 1522 2023 mut
1547 1970 1586 2042 gu
1609 1951 1678 2040 teet
1702 1952 1896 2040 aestates.
2073 2020 2077 2027 .

1400 2053 1474 2125 uns
1498 2052 1642 2145 uieteittu
1662 2074 1716 2127 on
1740 2052 1874 2147 origen
1895 2053 2030 2144 stetten.

1297 2167 1453 2260 Quando
1467 2170 1648 2264 principes
1661 2176 1902 2266 profuderunt
1912 2198 1975 2246 sua
1988 2176 2026 2243 in
2041 2198 2097 2247 res
2113 2199 2189 2244 non
2236 2216 2244 2221 -

1192 2272 1430 2357 necessarias,
1469 2287 1574 2365 egent
1609 2272 1832 2369 temporibus
1855 2276 2070 2349 necessariis.
2134 2274 2190 2347 Ita

1193 2374 1471 2466 intemperantia
1488 2389 1523 2446 ει
1546 2378 1649 2448 luxus
1673 2393 1758 2450 sunt
1782 2381 2035 2473 impedimenta
2056 2403 2189 2472 magna

1193 2477 1232 2545 in
1253 2477 1375 2547 multis
1395 2479 1513 2550 rebus.
1577 2480 1695 2572 Apum
1722 2483 1865 2576 ingenia
1893 2496 1928 2554 ει
1950 2485 2089 2553 labores
2114 2482 2188 2554 sive

1195 2603 1303 2672 opera
1322 2593 1406 2651 sunt
1421 2582 1525 2653 nobis
1549 2582 1663 2654 aDeo
1688 2588 1886 2678 proposita.
1945 2587 2037 2658 Sunt
2060 2597 2191 2668 castae,

1192 2684 1366 2774 frugales,
1393 2710 1469 2754 non
1486 2700 1703 2777 generantur
1718 2690 1930 2773 concubitu,
1962 2714 2038 2760 non
2063 2713 2105 2759 ex
2125 2711 2192 2781 pu·

1194 2786 1424 2871 trefactione,
1465 2802 1506 2858 ut
1532 2813 1674 2859 muscae
1699 2802 1734 2860 ει
1756 2792 1902 2873 culices,
1940 2795 2004 2862 sed
2030 2814 2193 2879 errore,

1194 2915 1302 2985 quem
1319 2886 1495 2962 invehunt
1512 2890 1550 2959 in
1570 2914 1651 2961 suas
1676 2892 1841 2977 cellulas,
1872 2895 1936 2962 sed
1960 2905 2194 2984 reparantur,

1194 2994 1432 3064 restituuntur
1460 3016 1543 3085 apes
1567 2992 1716 3064 amissae
1739 3019 1782 3063 cx
1802 2994 2064 3087 putrefactione
2085 2994 2193 3066 bovis

1194 3109 1259 3167 etc.
1316 3094 1472 3166 Ecclesia
1496 3094 1654 3186 gignitur
1677 3120 1720 3166 ex
1744 3121 1827 3166 rore
1854 3097 2015 3180 coelesti,
2056 3097 2094 3165 id
2127 3103 2195 3182 est,

1193 3199 1304 3270 verbo
1320 3197 1389 3266 Dei
1405 3211 1440 3268 et
1453 3196 1560 3269 simul
1574 3212 1740 3270 movente
1754 3225 1819 3293 per
1839 3201 1953 3271 filium
1970 3199 2039 3268 Dei
2062 3212 2099 3270 et
2112 3197 2194 3293 Spi-

1192 3303 1303 3373 ritum
1334 3313 1509 3373 sanctum.
1569 3298 1668 3373 Deus
1689 3304 1879 3397 proposuit
1902 3303 1968 3374 ista
1989 3304 2192 3395 spectacula
2255 3333 2256 3336 ¹

1195 3408 1239 3475 ad
1257 3429 1325 3476 uos
1345 3404 1730 3480 commonefaciendos.

1294 3522 1373 3594 Vss.
1388 3521 1465 3597 905
1479 3550 1532 3618 sq.
1567 3525 1751 3618 Quantum
1779 3525 1935 3617 spatium
1961 3524 2090 3619 aliquis
2109 3547 2193 3615 per·

1195 3628 1316 3698 ficiens
1332 3639 1423 3699 esset
1437 3627 1654 3699 transiturus
1671 3630 1716 3697 ad
1734 3629 1867 3698 inferos
1875 3624 1906 3724 ‚]
1934 3627 1972 3697 id
1990 3641 2060 3713 est,
2076 3648 2191 3721 quan·

1195 3745 1232 3800 tu
1248 3730 1365 3822 spatio
1380 3729 1539 3800 victurus
1554 3742 1655 3800 esset.

1296 3847 1374 3921 Vss.
1399 3848 1475 3920 907
1491 3847 1644 3919 -914.
1694 3849 1983 3919 Consentaneum
2017 3849 2075 3919 vel
2104 3872 2191 3917 con·

1194 3977 1321 4043 gruum
1341 3965 1450 4037 esset,
1476 3952 1538 4046 qui
1562 3964 1764 4044 expectaret
1783 3953 1897 4021 fatum
1920 3951 2075 4042 longiori
2101 3963 2191 4020 tem·

1194 4080 1305 4147 pore,
1340 4051 1436 4124 hunc
1457 4055 1572 4148 magis
1594 4080 1741 4147 parcere
1764 4054 1893 4137 victui,
1923 4079 2027 4148 quern
2051 4050 2190 4126 lrabu'it.

1195 4158 1263 4228 Sed
1278 4154 1347 4228 hoc
1360 4182 1436 4226 non
1450 4170 1569 4250 potest
1584 4159 1661 4226 lieri
1678 4158 1732 4250 (id
1751 4171 1824 4240 εει,
1845 4174 1929 4225 ‘non
1954 4154 2083 4225 scimus
2107 4177 2191 4244 spa-

1195 4260 1284 4331 tium
1310 4261 1442 4357 vitae),
1482 4262 1580 4353 quod
1608 4255 1697 4327 mihi
1727 4284 1896 4350 magnum
1925 4258 2057 4327 luctum
2090 4256 2191 4328 facit.

1195 4364 1368 4434 Mordeor
1382 4363 1421 4430 in
1443 4363 1584 4443 anima,
1610 4372 1646 4428 ει
1667 4362 1815 4445 dubito,
1849 4362 1936 4455 quid
1955 4359 2107 4444 faciam,
2140 4383 2190 4429 an

1194 4467 1313 4537 vivam
1337 4462 1520 4535 liberalius
1544 4474 1580 4531 et
1600 4461 1753 4553 largius,
1795 4488 1842 4534 an
1868 4464 2020 4557 parcius.
2087 4462 2190 4533 Duae

1195 4581 1278 4639 sunt
1295 4579 1377 4636 aute
1392 4588 1450 4632 me
1464 4564 1561 4644 viae;
1589 4566 1719 4655 cogito,
1741 4590 1849 4660 quam
1866 4570 1995 4636 vadam
2012 4567 2191 4658 priorem:

1196 4684 1257 4739 aut
1289 4665 1381 4737 nihil
1416 4692 1650 4751 consumens,
1698 4671 1941 4760 profundens,
1992 4683 2193 4770 conteram,

1194 4773 1343 4866 perdam
1370 4771 1480 4839 vitam
1505 4772 1543 4838 in
1567 4772 1767 4854 aerumnis,
1806 4773 1938 4856 idest,
1978 4796 2026 4840 an
2051 4770 2190 4841 duriter

1196 4875 1328 4945 vivam.
1380 4873 1559 4944 Homerus
1578 4886 1613 4943 et
1628 4873 1823 4945 Hesiodus:

1244 4988 1353 5090 Alpa
1392 4987 1468 5090 γὰρ
1514 4992 1555 5066 ἐν
1594 4986 1769 5086 κακότητι
1804 4990 1937 5091 βροτοὶ
1974 4987 2191 5089 καταγηρά-

1608 5094 1832 5192 σκουσινπ).

1200 5252 1408 5267 -ο-α-ν-ψ-ὓ-

1230 5343 1263 5412 ιι)
1283 5342 1352 5394 unis
1370 5340 1442 5393 dicto
1461 5342 1547 5393 tnuu.
1558 5341 1632 5392 150⁰.
1648 5341 1717 5393 fiseo
1733 5341 1826 5391 addita
1844 5346 1886 5391 est
1901 5316 2058 5391 consutio:
2081 5338 2191 5390 Dictum

1266 5411 1363 5465 nstris
1380 5411 1506 5474 Ριιιιιρρι.
1532 5409 1639 5474 utero.
1660 5411 1695 5461 st
1711 5404 1833 5476 ἄρνυμι,
1851 5410 1878 5460 iu
1897 5414 1958 5476 est,
1981 5407 2120 5463 reuertere.

1229 5488 1617 5582 mmmmm
