4784 6256
39 315 48 335 ’
175 316 251 418 sas

178 493 326 588 exponit
341 488 595 586 etymologiam
609 483 715 558 huius
732 480 908 555 vocabuli.
957 483 1009 554 Ac
1023 483 1169 576 lingitur

178 576 492 675 nunuahnonts,
521 616 562 661 eo
582 591 678 683 quod
696 587 870 680 praedicit
886 600 921 657 et
935 587 1076 657 nuntiat
1091 587 1170 679 plu-

180 699 274 778 vias3
306 719 392 764 nam
415 714 498 775 aer,
533 693 571 760 in
594 715 667 785 quo
692 701 868 780 coguntur
886 690 1037 772 imbres,
1063 686 1169 758 luno-

181 801 238 872 nis
254 794 400 868 nomine
416 805 662 876 consecratur,
688 802 775 862 teste
790 790 929 862 Lucilio
944 790 1059 861 Balbo
1075 792 1170 884 apud

111 950 115 962 ·
184 898 408 974 Ciceronem.

462 1110 661 1184 Tridcns
687 1109 902 1206 Neptuni.

239 1264 299 1338 Vs.
314 1266 403 1340 288.
427 1269 503 1354 lpse
517 1266 665 1334 tridente
682 1289 743 1334 seso
757 1273 887 1334 terram
895 1264 1073 1351 prensant.

266 1386 435 1478 Neptuno
452 1383 661 1453 attribuitur
676 1381 812 1451 tridens
828 1394 976 1473 propter
990 1394 1062 1450 tres
1078 1378 1175 1449 orbis

191 1502 371 1559 terrarum
387 1496 526 1578 partes,
559 1508 648 1579 quas
664 1483 777 1553 ambit
793 1482 979 1565 Oceanus,
1005 1506 1046 1551 ac
1060 1506 1176 1576 quon·

192 1593 264 1659 iam
282 1591 320 1657 in
337 1588 425 1658 locis
447 1586 638 1656 maritimis
661 1609 766 1678 saepe
789 1588 880 1655 fiunt
901 1598 1019 1654 terrae
1044 1597 1176 1666 motus,

193 1705 329 1763 etcum
354 1703 470 1760 terrae
496 1700 599 1758 motu
619 1687 894 1770 inundationes,
927 1688 1008 1756 ideo
1031 1686 1177 1776 tingitur

192 1796 380 1886 Neptunus
395 1803 584 1861 concutere
601 1803 734 1858 terram
750 1814 814 1859 suo
829 1790 1003 1873 tridente,
1029 1790 1125 1859 unde
1143 1801 1178 1857 et

194 1896 396 1989 appellatur
413 1888 661 1991 ἐννοσίγαιος,
695 1894 793 1986 quod
807 1905 941 1962 terram
961 1891 1112 1987 quatiat.

596 2107 779 2181 Triton.

246 2266 306 2337 Vs.
323 2265 409 2336 833.
436 2264 633 2336 Caeruleum
652 2269 795 2336 Tritona
811 2275 903 2336 vocat
920 2277 985 2336 etc.

271 2384 418 2455 Tiberio
428 2381 571 2451 Caesari
587 2379 645 2474 (ut
660 2384 783 2453 scribit
799 2385 937 2455 Plinius
944 2381 1016 2479 ⁸¹))
1035 2384 1177 2454 nuntia·

194 2503 269 2558 tum
286 2488 353 2558 luit
368 2485 545 2578 legatione
560 2485 964 2579 abUlyssiponensibus,
988 2487 1022 2555 T
1022 2487 1176 2556 ritonem

192 2591 263 2662 illis
278 2591 393 2661 visum
408 2601 444 2658 et
458 2586 621 2657 auditum
641 2588 680 2657 in
694 2612 803 2681 specu
818 2587 954 2660 concha
979 2602 1178 2675 canentem,

192 2715 254 2777 ea,
277 2716 349 2786 qua
364 2690 544 2773 noscitur,
569 2690 702 2762 forma.
751 2689 816 2763 Est
831 2707 952 2764 autem
975 2706 1177 2765 monstmm

192 2794 394 2879 marinum,
420 2791 606 2885 superiore
623 2806 725 2884 parte
742 2795 905 2889 corporis
928 2797 1086 2866 reserens
1105 2797 1178 2866 clli-

119 2894 123 2899 ’
192 2897 285 2989 giem
309 2896 399 2981 viri,
437 2894 608 2965 inferiore
638 2908 758 2966 autem
786 2898 942 2990 piscem,
979 2900 1098 2969 colore
1127 2910 1180 2970 est

192 2999 378 3082 caeruleo,
421 3010 457 3067 et
480 3010 634 3067 testaceo
658 2994 928 3092 conchyliorum
953 3003 1178 3092 operimento

190 3096 332 3169 horret:
375 3099 412 3167 id
445 3099 544 3192 quod
577 3099 713 3169 indicat
735 3099 907 3187 Ovidius,
945 3128 1028 3174 cusn
1060 3105 1179 3200 inquit

192 3198 288 3292 (να.
303 3200 380 3272 332
395 3198 485 3291 sqq:

343 3320 499 3387 lusuros
512 3321 631 3387 ianus
645 3324 772 3389 musice
785 3330 907 3392 senem

244 3420 441 3494 curatum
460 3424 604 3491 Mna
621 3432 726 3492 meat.

189 3532 355 3632 Pingitur
383 3538 526 3612 tubicen
559 3536 738 3634 Neptuni,
781 3541 844 3637 qui
875 3556 1049 3636 tanquam
1076 3539 1177 3633 signo

112 3720 116 3727 ,
188 3644 275 3715 dato
290 3643 391 3714 sedet
403 3638 548 3727 fluctus,
575 3645 660 3741 quia
677 3654 712 3714 et
728 3639 863 3715 concha
881 3645 988 3727 canit,
1015 3656 1051 3712 et
1065 3667 1178 3739 quan-

190 3748 237 3819 do
269 3748 414 3818 auditur
448 3748 506 3816 vel
539 3760 711 3840 apparet,
752 3760 837 3816 tnnc
867 3746 1052 3841 portendit
1081 3759 1178 3816 tran-

190 3844 404 3943 quillitatem
434 3848 557 3917 maris.
632 3844 726 3916 Hinc
757 3845 853 3919 Dido
884 3849 923 3921 in
956 3848 1105 3942 epistola
1131 3853 1176 3921 ad

59 3971 65 3975 ·
189 3951 370 4019 Aeneam:

293 4081 351 4134 lem
368 4078 446 4130 ventt
462 4082 579 4145 ponent:
605 4082 751 4150 sucoque
766 4085 920 4151 aequaliter
938 4088 1012 4140 unde

293 4165 438 4218 ctsrotsts
453 4166 553 4219 Trtton
568 4180 621 4234 per
637 4172 715 4223 ure
732 4176 826 4225 curret
846 4174 933 4238 cquis.

389 4370 538 4447 'Terra
567 4379 762 4448 omnium
791 4405 968 4473 parens.

239 4527 300 4600 Vs.
317 4527 406 4603 398.
431 4534 566 4623 Mopso
579 4558 707 4624 possm
719 4544 815 4607 term
828 4547 882 4608 est
903 4549 968 4607 etc.

252 4647 366 4718 Terra
385 4651 547 4723 omnium
563 4676 693 4744 parens
709 4654 851 4741 dicitur,
868 4656 965 4748 quod
979 4657 1173 4731 seminibus

188 4750 309 4820 omnia
326 4754 443 4847 pariat
459 4767 495 4824 et
515 4755 643 4825 fundat
667 4780 710 4825 ex
731 4781 824 4850 sese,
859 4755 985 4847 stirpes
1008 4762 1168 4852 amplexa

186 4851 260 4923 alat
272 4860 310 4923 et
322 4864 472 4946 ἡμεῖς
495 4856 582 4928 item
600 4861 698 4953 qnod
716 4878 842 4928 omnes
866 4859 1066 4932 animantes
1087 4867 1171 4934 edu-

186 4967 259 5038 cet,
285 4958 452 5029 educatos
468 4963 573 5032 rebus
587 4961 754 5031 omnibus
775 4971 947 5030 sustentet
968 4985 1009 5030 ac
1032 4964 1170 5047 foveat;

184 5057 404 5154 recipiatque
421 5061 471 5131 'in
501 5088 538 5133 se
565 5064 760 5134 morientes
778 5084 907 5134 ‘omnes
929 5084 971 5132 ac
995 5074 1167 5161 tanquam

183 5159 322 5253 &snio
343 5164 553 5238 abscondat.

182 5366 388 5386 m

216 5515 265 5575 an
282 5496 578 5578 innascentes,
595 5525 620 5566 e.
634 5515 659 5601 2⁴·
675 5510 728 5569 se
741 5512 844 5568 enm.
861 5518 899 5578 (ο.
912 5516 938 5568 s.
957 5516 1041 5571 sna.
1055 5512 1166 5584 anm).

753 311 876 388 PHIL.
910 314 1024 387 MEL.
1058 311 1260 386 SCRIPTA
1293 309 1631 385 eutnououtca.

1386 482 1602 555 Homines
1631 506 1649 552 e
1676 481 1880 573 lapidum
1907 481 2042 555 iactu.

2138 288 2216 387 aas

1271 633 1350 706 Vss.
1367 633 1443 709 414
1460 662 1515 730 sq.
1554 640 1640 708 lade
1659 661 1768 727 penus
1785 641 1912 708 durum
1933 664 2071 728 sumus,
2108 667 2219 734 capc-

1630 743 1788 833 rteasqne
1806 741 1979 826 aarum,

1274 842 1320 908 Et
1335 840 1531 910 documenta
1546 844 1686 926 domus,
1712 867 1780 936 qua
1794 846 2047 935 simmviniae
2063 856 2152 924 aest

1325 971 1382 1041 Ad
1413 974 1681 1065 significandam
1709 977 1823 1047 animi
1856 981 2093 1078 corporisque
2114 987 2214 1058 duri·

1225 1071 1329 1158 tiem,
1354 1099 1462 1167 quam
1479 1072 1673 1163 habemus,
1699 1093 1827 1172 poetae
1847 1083 2029 1156 finxerunt
2048 1084 2213 1163 homines

1226 1176 1269 1244 de
1284 1175 1464 1269 lapidibus
1481 1204 1554 1251 esse
1579 1194 1689 1252 ortos.
1739 1182 1899 1255 Fabulae
1923 1190 2092 1279 praebuit
2114 1218 2216 1281 occa·

1226 1278 1362 1348 sionem
1379 1280 1575 1352 similitudo
1590 1283 1765 1366 nominis;
1793 1290 1860 1369 λᾶς
1875 1290 1971 1360 enirn
1987 1296 2085 1385 apud
2104 1296 2217 1368 Grae·

1227 1404 1287 1451 cos
1313 1382 1467 1472 lapidem
1492 1384 1678 1476 significat.
1743 1387 1868 1459 Potest
1888 1391 1995 1464 etiam
2015 1398 2144 1468 referri
2165 1401 2216 1469 fa·

1227 1483 1310 1552 bula
1327 1487 1371 1552 ad
1388 1482 1594 1568 historiam;
1617 1488 1808 1574 verisimile
1828 1506 1881 1563 est
1905 1497 2020 1584 enim,
2049 1495 2216 1572 homines

1227 1584 1289 1654 diu
1307 1600 1388 1677 post
1403 1589 1577 1659 diluvium
1593 1587 1771 1664 habitasse
1792 1597 1945 1687 sparsim
1971 1601 2010 1670 in
2032 1605 2215 1674 montibus

1228 1699 1264 1757 et
1292 1687 1406 1760 saxeis
1440 1691 1627 1783 speluncis.
1693 1694 1952 1771 Deucalionem
1978 1728 2065 1775 vero
2091 1732 2216 1780 rursus

1227 1789 1422 1862 instituisse
1440 1807 1560 1866 coetus
1578 1799 1624 1867 ad
1647 1801 1851 1873 condendas
1875 1805 1998 1889 urbes,
2032 1821 2142 1903 atque
2163 1809 2214 1879 ita

1229 1916 1410 1983 reparasse
1423 1890 1588 1970 homines
1602 1901 1781 1994 lapidibus
1796 1917 1892 1975 retro
1911 1907 2028 1992 iactis,
2055 1905 2124 1980 hoc
2145 1922 2212 1994 cst,

1229 1995 1405 2087 speluncis
1435 2000 1586 2085 relictis,
1626 2001 1734 2099 idque
1759 2003 1941 2081 Themidis
1969 2035 2089 2082 suasu.
2145 2008 2215 2082 Est

1230 2109 1347 2168 autem
1372 2096 1520 2173 Themis
1552 2103 1609 2175 lex
1635 2132 1697 2178 seu
1730 2108 1785 2181 ius
1810 2126 1986 2200 naturae,
2024 2115 2127 2185 cuius
2160 2114 2217 2184 in·

1230 2198 1361 2273 stinctu
1379 2200 1491 2275 civilis
1507 2206 1601 2277 vitae
1618 2209 1795 2285 institutio
1815 2224 1867 2285 est
1881 2214 2040 2289 inventa.

1276 2418 1460 2500 Themis
1487 2455 1566 2500 cur
1594 2433 1891 2508 oraculorum
1920 2438 2177 2536 pracses').

1332 2576 1481 2654 Themis
1499 2583 1646 2675 fingitur
1669 2591 1920 2677 oraculorum,
1947 2590 2016 2664 hoe
2039 2606 2110 2678 est,
2135 2593 2217 2663 reti·

1230 2680 1346 2772 gionis
1360 2707 1517 2775 praeses.
1568 2688 1662 2759 Nam
1678 2692 1773 2762 ratio
1789 2694 1826 2764 in
1843 2709 1974 2766 natura
1994 2697 2122 2780 insita,
2148 2708 2218 2767 sta·

1229 2784 1299 2855 tuit
1312 2811 1386 2858 esse
1402 2786 1540 2872 Deum,
1567 2804 1602 2860 ct
1615 2793 1782 2883 pictatem
1799 2820 1882 2888 erga
1901 2823 1982 2868 eum
2007 2799 2219 2868 colendam:

1229 2883 1393 2983 hancque
1435 2894 1648 2964 sententiam
1685 2898 1806 2965 animo
1849 2899 1951 2990 quasi
1983 2898 2221 2990 insculptam,

1230 3002 1351 3061 tuetur
1368 2995 1528 3065 omnium
1544 2997 1700 3088 gentium
1722 2999 1930 3084 consensio,
1962 3025 2054 3096 quae
2076 3001 2140 3095 (ut
2161 3001 2222 3071 in·

1230 3093 1309 3187 quit
1326 3093 1469 3193 Cicero)
1484 3098 1540 3168 lex
1554 3110 1701 3170 naturae
1716 3104 1873 3193 putanda
1892 3117 1956 3175 est.

1621 3299 1815 3398 Python.

1277 3446 1339 3521 Vs.
1357 3451 1444 3525 438.
1470 3456 1540 3526 Sed
1555 3455 1647 3554 ων)
1664 3484 1806 3555 quoque,
1832 3464 1984 3531 mxime
1996 3463 2143 3554 Python.

1330 3587 1477 3684 Python
1508 3595 1638 3677 draco,
1676 3609 1760 3687 post
1785 3597 1963 3670 diluvium
1987 3623 2031 3670 er
2061 3593 2212 3668 humide

1229 3705 1325 3764 terra
1355 3706 1483 3778 natus,
1529 3697 1705 3788 signinus
1735 3701 1947 3772 immensam
1975 3697 2211 3771 exhalationis

1228 3797 1321 3879 vim,
1360 3821 1453 3891 quac
1474 3800 1593 3870 extitit
1612 3815 1694 3893 post
1718 3803 2011 3887 inundationem,
2047 3802 2167 3872 donec
2194 3825 2215 3872 s

1228 3900 1302 3969 sole
1318 3917 1598 3976 consumeretur.
1647 3902 1693 3974 ln
1710 3901 1803 3977 banc
1818 3909 2032 3979 sententiam
2044 3901 2215 3977 Iovianus

1228 4000 1415 4073 Pontanus
1436 4008 1582 4097 exponit
1604 4001 1698 4078 banc
1719 4010 1881 4082 fabulam
1908 4011 1946 4080 in
1975 4033 2040 4082 sua
2064 4007 2215 4089 Urania,

1227 4105 1355 4176 ubisit
1368 4107 1505 4201 inquit:

1330 4222 1397 4277 ru
1413 4226 1500 4277 unias
1516 4225 1615 4292 meris
1632 4226 1735 4291 inbre,
1752 4231 1782 4281 st
1798 4230 1886 4281 ωηο
1900 4227 2101 4293 stsanttbns
2117 4225 2198 4279 nus

1330 4311 1465 4377 llnnlde,
1486 4314 1606 4376 subetn,
1627 4326 1716 4380 vegos
1735 4315 1852 4367 wttstct
1867 4316 1905 4367 ed
1919 4316 2037 4367 uthere
2055 4315 2163 4377 tatu,

1329 4396 1479 4447 Involvens
1491 4400 1600 4449 coelom
1618 4402 1690 4451 nobs
1712 4403 1739 4450 st
1756 4399 1875 4465 callgine
1892 4411 1986 4466 optes.

1328 4480 1380 4530 lllc
1395 4481 1445 4531 tlte
1461 4482 1587 4534 lmmsnts
1605 4486 1722 4550 Python.

1223 4563 1365 4637 Dicitur
1399 4581 1518 4639 autem
1544 4569 1737 4667 Pythona
1772 4573 1963 4666 putredine
1994 4596 2058 4646 seu
2088 4580 2211 4665 putre-

1223 4670 1396 4751 factione;
1438 4694 1523 4741 nam
1555 4668 1671 4748 πυθιό
1699 4677 1876 4767 significat
1898 4674 2211 4771 putrefactionem.

1223 4768 1269 4839 Et
1284 4773 1366 4867 quia
1383 4772 1436 4844 sol
1456 4779 1635 4847 consumit
1655 4802 1799 4850 omnem
1828 4781 2055 4874 putredinem
2080 4790 2212 4860 terrae,

1223 4873 1370 4970 eiusque
1386 4900 1405 4945 e
1422 4876 1553 4950 circulo
1574 4879 1729 4952 emicant
1752 4884 1846 4953 radii
1867 4884 1907 4953 in
1932 4884 2080 4954 modurn
2104 4880 2213 4974 sagit·

1221 4987 1363 5149 tparqlm
1404 4979 1486 5052 ideo
1510 4981 1641 5076 Apollo
1671 4984 1817 5078 fingitur
1847 4986 2046 5058 interficere
2069 4981 2216 5077 sagittis

1252 5092 1291 5172 yt
1318 5105 1400 5156 ona.

1220 5266 1453 5288 *nn—utun·-

1251 5405 1302 5466 32)
1320 5408 1396 5457 llaec
1417 5410 1545 5470 spectent
1562 5409 1598 5459 ed
1616 5408 1695 5461 ortt.
1715 5412 1779 5460 Met.
1799 5413 1821 5476 t,
1839 5411 1899 5464 tat.

1252 5522 1302 5584 ts)
1320 5526 1369 5587 ts]
1387 5523 1638 5597 slanstesten,
1656 5528 1750 5599 1qu
1775 5533 1856 5589 ovid.
1875 5533 1926 5585 nt.
1944 5532 2053 5588 ulau.
2072 5534 2116 5589 le.
