4778 6240
61 308 135 381 409

522 294 739 369 cxxxuu.
791 293 1075 368 chramno
1109 295 1391 374 ononcrcou
1423 302 1629 377 vmonn.
1690 245 1720 287 ⁹

165 477 226 547 Vs.
242 475 326 546 880.
343 464 533 566 termento]
557 469 625 537 Mit
639 469 718 537 dem
736 468 825 536 bier.
866 466 929 535 Est
945 468 1048 560 quid-

2010 318 2086 391 410

1096 492 1160 558 ego
1176 480 1264 558 puto
1282 495 1355 540 esse
1369 488 1531 544 nostrum
1550 472 1642 547 thus.
1697 476 1829 547 Verum
1848 475 1930 550 thus
1955 495 2006 561 est
2027 510 2085 573 ge·
2145 552 2151 560 ,

61 586 145 653 dam
163 592 301 649 coctum
318 601 359 645 ex
376 571 513 641 hordeo
535 585 569 640 et
591 571 728 661 lupulo.
780 569 963 638 Hordeum
983 594 1047 660 per
1095 571 1258 640 nerosius
1273 575 1457 663 quiddam.

61 711 98 757 sc
111 684 229 754 statim
248 687 484 771 putresceret,
501 679 530 744 si
546 669 637 741 nihil
652 685 741 742 esset
758 672 936 740 additum:
963 673 1045 740 ideo

59 797 205 858 sumunt
234 782 419 872 lupulum,
458 778 521 869 qui
551 776 651 843 addit
673 770 809 843 hordeo
834 774 986 841 calorem
1011 786 1047 843 et

59 886 294 956 acrimoniam
321 881 523 975 quandam,
560 891 596 946 et
622 872 787 968 prohibet
817 876 1045 965 putrefactio-

57 1013 153 1058 nem.
205 988 348 1057 Nomen
369 981 484 1073 lupuli
508 1004 582 1047 non
601 991 801 1049 estrecens.
851 977 1044 1072 Plinius¹⁶)

57 1104 163 1158 vocat
188 1092 311 1179 lupum
336 1084 565 1157 salictarium.
617 1081 736 1149 Verba
753 1081 827 1148 eius
848 1091 949 1149 sunt:
975 1079 1044 1148 Te-

55 1196 153 1262 neris
174 1192 249 1283 lupi
275 1187 445 1260 salictarii
466 1184 668 1254 turionibns
691 1184 729 1249 in
754 1181 952 1251 salactariis
975 1182 1043 1250 uti-

57 1320 160 1377 mur,
187 1318 273 1361 wan
291 1295 355 1360 der
376 1287 468 1379 hopl
479 1287 566 1376 iung
580 1287 645 1368 ist,
678 1309 716 1353 so
736 1279 857 1350 macht
879 1306 964 1349 man
988 1307 1042 1352 sa-

57 1392 134 1465 latb
150 1397 224 1465 und
240 1395 452 1465 salsamenta
467 1389 608 1458 darans.
658 1385 836 1454 Dicuntur
851 1397 968 1453 autem
988 1396 1042 1454 tu·

58 1499 178 1567 riones
195 1496 311 1565 omnis
328 1493 496 1563 teneritas
510 1492 672 1559 radicum
683 1489 739 1555 vel
747 1488 890 1568 florum,
906 1486 1041 1555 Graece

58 1596 249 1696 φριγωνία
266 1596 323 1691 ¹⁰).
367 1595 528 1686 Lupulus
547 1617 565 1660 a
583 1592 754 1659 fervendo
772 1611 906 1656 nomen
922 1584 1041 1670 habet,

58 1703 143 1794 quia
168 1700 267 1768 addit
292 1699 447 1768 calorem
466 1697 505 1763 in
521 1706 678 1762 coctura.
728 1693 931 1781 Aegyptus,
957 1689 1039 1782 quia

56 1827 131 1869 non
157 1799 264 1871 habet
286 1801 431 1882 vinum,
463 1798 593 1865 dicitur
617 1793 794 1863 invenisse
817 1786 910 1859 hanc
931 1791 1041 1858 ratio-

57 1930 140 1973 nem
160 1902 365 1996 coquendae
383 1900 585 1974 cerevisiae.
637 1895 686 1964 Et
702 1895 819 1988 ipsum
836 1917 969 1962 nomen
987 1917 1041 1960 ce·

57 2006 185 2076 revisia
203 2004 379 2074 Gallicum
396 2016 458 2072 est.

156 2106 216 2178 Vs.
231 2107 317 2177 380.
344 2108 480 2190 Sardis]
503 2105 617 2174 Sorba
636 2098 819 2193 sylvestria
836 2120 956 2188 poma.

157 2209 217 2280 Vs.
234 2211 320 2280 381.
340 2201 567 2300 Hyperboreo]
595 2205 678 2297 quia
695 2215 747 2272 est
760 2203 806 2269 ad
823 2199 989 2269 Boream.

158 2328 218 2397 Vs.
243 2326 330 2397 384.
354 2331 405 2397 δι’
429 2319 509 2421 tibi]
547 2324 600 2390 De
626 2324 705 2390 loco
730 2321 861 2387 idoneo
889 2314 1040 2407 pascuis.

57 2431 202 2521 Aspera]
230 2431 350 2518 idest,
376 2426 531 2517 spinosa.

158 2530 218 2599 Vs.
241 2526 326 2600 385.
350 2532 504 2617 Lappae]
533 2525 687 2592 Kletten.
791 2520 939 2610 nitati]
972 2516 1041 2584 Die

56 2657 203 2726 grossen
217 2631 370 2699 Kartten
393 2630 507 2698 distel.
609 2630 736 2713 Laeta]
763 2623 869 2716 quia,
895 2612 1039 2715 quando

55 2734 165 2804 nimis
194 2735 342 2824 pingues
376 2744 476 2814 sunt,
507 2744 590 2798 tune
622 2753 698 2796 non
726 2727 878 2794 multum
907 2720 1041 2791 habent

55 2838 172 2905 lanae.

158 2952 219 3022 Vs.
236 2952 323 3023 394.
346 2958 393 3023 Ar
407 2954 478 3042 rui]
500 2947 595 3021 Wer
610 2947 680 3015 viel
704 2941 812 3015 milch
829 2944 894 3012 wil
910 2939 1041 3025 haben,

58 3061 121 3127 der
136 3055 227 3122 treib
245 3057 306 3124 das
323 3050 404 3123 vich
417 3055 455 3121 in
471 3053 575 3121 einen
589 3050 727 3130 locum,
753 3048 816 3117 ubi
835 3059 887 3117 est
910 3066 1039 3133 magna

56 3158 213 3230 luxuries
229 3157 414 3248 graminis.
519 3147 688 3248 Cytisum]
714 3151 814 3219 Klee.
918 3146 1040 3233 Lotus]

59 3262 202 3356 quando
220 3256 367 3327 herbam
388 3257 579 3347 significat,
605 3268 690 3323 tunc
708 3266 759 3323 est
776 3250 908 3342 species
934 3270 1041 3340 quae-

57 3368 139 3435 dam
167 3363 291 3432 similis
309 3361 448 3451 vulgari
466 3358 596 3451 cytiso;
638 3358 700 3426 sed
724 3354 869 3449 quando
893 3350 1041 3443 ponitur

58 3491 124 3560 pro
140 3466 288 3545 arbore,
309 3477 393 3533 tunc
417 3462 590 3552 signifieat
607 3483 674 3552 eyn
690 3456 933 3528 sandelba'um.

94 3609 97 3613 ⁴
156 3566 218 3637 Vs.
232 3568 318 3638 398.
338 3561 521 3660 exorem]
546 3564 667 3645 idest,
688 3560 841 3630 adultos.

158 3668 218 3740 Vs.
237 3668 322 3741 404.
344 3673 416 3738 Nee
431 3670 509 3760 titi]
532 3667 655 3747 idest,
678 3687 767 3754 opus
783 3674 835 3731 est
851 3658 958 3728 etiam
982 3679 1041 3724 cu·

57 3773 228 3843 stodibus.

1198 672 1258 743 Vs.
1280 672 1366 744 417.
1383 673 1498 773 Fugit]
1516 680 1550 746 id
1570 692 1640 762 est,
1664 680 1801 750 abdidit
1815 707 1850 751 se
1865 683 1903 751 in
1918 683 2086 757 latebras.

1197 773 1257 844 Vs.
1273 774 1358 846 419.
1375 776 1598 876 Adsperpere]
1621 783 1656 848 id
1671 796 1742 866 est,
1763 796 1804 852 ut
1818 786 2005 877 adspergat
2023 812 2085 879 pe·
2195 777 2200 785 ¹

1096 875 1170 943 cori
1193 877 1302 946 virus.

1197 994 1257 1064 Vs.
1280 993 1367 1068 425.
1402 1003 1465 1070 Est
1485 996 1604 1096 etiam]
1628 1002 1707 1070 Alia
1737 1003 1939 1095 descriptio.
2005 1003 2082 1096 Ego

1095 1095 1201 1162 credo
1227 1098 1363 1166 nullam
1388 1125 1461 1170 esse
1478 1103 1683 1185 nationem,
1710 1128 1802 1197 quae
1818 1102 1949 1176 habeat
1965 1109 2084 1178 minus

1095 1220 1313 1266 venenorum
1335 1225 1441 1293 quam
1462 1203 1708 1273 Germaniam.

1195 1297 1255 1367 Vs.
1271 1299 1356 1374 432.
1385 1307 1565 1374 Exhausto
1578 1300 1642 1402 ¹⁷)]
1667 1306 1704 1374 id
1720 1319 1790 1390 est,
1812 1311 1958 1400 quando
1974 1310 2084 1381 desic-

1094 1412 1221 1468 cantur
1237 1403 1396 1489 paludes.

1195 1501 1256 1571 Vs.
1270 1502 1356 1573 437.
1387 1511 1470 1602 Cum
1490 1502 1628 1602 positis]
1653 1508 1778 1593 idest,
1806 1512 1951 1602 quando
1969 1510 2006 1578 in
2024 1535 2081 1581 ae-

1092 1613 1181 1671 state
1198 1606 1292 1672 redit
1309 1606 1433 1695 positis
1455 1607 1603 1675 exuviis.

1193 1722 1259 1808 Vs.
1271 1723 1358 1796 440.
1375 1728 1573 1797 Morborum
1588 1753 1713 1822 quoque
1727 1726 1775 1826 te]
1799 1730 1854 1800 De
1871 1733 2006 1803 morbis
2020 1757 2080 1825 pe-

1093 1824 1234 1894 cudum.
1285 1826 1472 1919 Epidemia
1495 1840 1547 1897 est
1567 1832 1734 1913 morbus,
1758 1833 1820 1924 qui
1842 1848 1992 1925 vagatur
2016 1858 2082 1926 per

1093 1948 1217 1997 omnes
1246 1922 1430 2013 homines,
1472 1942 1507 1999 et
1530 1931 1648 2000 existit
1677 1947 1825 2024 propter
1850 1935 1940 2005 coeli
1971 1935 2083 2004 incle-

1092 2030 1277 2113 mentiam,
1298 2044 1338 2099 ut
1352 2045 1404 2102 est
1420 2033 1540 2123 pestis.
1576 2033 1633 2102 Sic
1649 2030 1764 2103 Attica
1783 2040 1959 2130 quaedam
1977 2038 2084 2129 pesti-

1091 2128 1201 2197 lentia
1219 2144 1271 2201 est
1289 2134 1483 2218 celebrata,
1511 2135 1548 2201 in
1572 2159 1642 2228 qua
1668 2131 1833 2209 homines
1858 2153 1959 2208 tanto
1983 2150 2083 2211 aestu

1092 2244 1176 2301 sunt
1197 2236 1372 2326 correpti,
1397 2248 1439 2304 ut
1461 2260 1498 2304 se
1524 2236 1780 2328 immergerent
1802 2242 1840 2310 in
1856 2240 2026 2325 flumina,
2048 2253 2084 2310 et

1093 2334 1154 2424 qui
1171 2336 1423 2420 revaluerunt,
1445 2361 1562 2430 neque
1581 2364 1636 2421 se,
1657 2363 1772 2434 neque
1789 2367 1873 2413 suos
1888 2355 2085 2435 potuerunt

1093 2456 1295 2523 agnoscere.
1345 2436 1533 2506 Lucretius
1563 2439 1601 2506 in
1633 2441 1702 2509 fine
1728 2443 1782 2511 sui
1803 2446 1980 2536 poematis
2005 2469 2081 2513 me·

1091 2534 1197 2602 minit
1220 2531 1327 2607 huius
1351 2539 1470 2630 pestis.
1535 2536 1658 2629 Λιμὸς
1687 2555 1740 2612 est
1767 2547 1876 2635 pestis
1901 2559 1935 2613 et
1958 2548 2083 2628 fames,

1092 2649 1127 2704 et
1141 2637 1353 2729 plerumque
1370 2640 1476 2709 simul
1492 2653 1711 2727 grassantur.

1188 2737 1250 2808 Vs.
1261 2738 1346 2812 441.
1365 2746 1428 2812 Udi
1437 2740 1589 2831 frigidus
1603 2738 1726 2839 imber]
1751 2744 1833 2836 quia
1849 2746 1959 2836 frigus
1977 2745 2080 2814 valde

1092 2852 1197 2909 nocet
1222 2843 1459 2926 animalibus,
1486 2854 1522 2910 et
1545 2842 1710 2934 inprimis
1727 2847 1828 2913 nervi
1846 2860 1880 2915 ct
1896 2849 2081 2917 cerebrum

1090 2941 1284 3013 laeduntur
1307 2946 1458 3035 frigore,
1488 2943 1590 3035 quia,
1625 2949 1771 3039 quando
1797 2947 1909 3039 frigus
1931 2949 2081 3020 circum-

1092 3056 1162 3113 stat
1176 3039 1384 3129 humidum,
1412 3061 1496 3117 tunc
1514 3046 1617 3114 facile
1634 3049 1844 3137 corrumpit.

1193 3145 1253 3216 Vs.
1269 3145 1355 3220 442.
1382 3152 1439 3218 Ad
1452 3142 1579 3242 vivum]
1607 3148 1644 3216 id
1661 3162 1732 3232 cst,
1758 3150 1854 3218 intra
1869 3163 2005 3221 cutem.

1191 3246 1252 3317 Vs.
1269 3248 1356 3318 443.
1384 3251 1519 3339 illotus]
1549 3248 1585 3316 id
1606 3251 1927 3335 est,‘immundus,
1962 3252 2081 3336 idest,

1092 3346 1194 3431 vide,
1221 3374 1267 3418 ne
1281 3352 1392 3419 sudor
1409 3363 1618 3441 corrumpat
1631 3364 1726 3421 cutes
1742 3356 1932 3443 pecudum.

1191 3449 1252 3520 Vs.
1263 3451 1350 3524 447.
1365 3450 1563 3551 Mereatur]
1582 3450 1723 3522 Lavant
1738 3456 1892 3546 saepius,
1910 3479 1956 3525 ne
1971 3456 2081 3526 sudor

1091 3551 1199 3620 faciat
1215 3553 1322 3623 situm
1342 3556 1380 3623 in
1396 3568 1475 3624 cute
1489 3558 1679 3646 pecudum.

1190 3669 1251 3742 Vs.
1267 3671 1354 3745 448.
1381 3669 1547 3771 Murco]
1575 3675 1611 3742 id
1628 3663 1697 3756 est,
1720 3673 1853 3743 fecibus
1879 3673 1967 3755 olei,
1995 3675 2079 3767 quia

1093 3770 1210 3841 oleum
1227 3774 1363 3867 alioqui
1379 3790 1431 3846 est
1447 3802 1503 3846 res
1520 3778 1623 3845 valde
1639 3798 1780 3845 sanans.
1832 3774 1883 3843 lta
1900 3775 2080 3864 Augustus

161 3872 223 3941 Vs,
241 3866 326 3941 406.
344 3864 505 3964 Spartae]
529 3867 566 3935 id
583 3877 646 3947 est,
663 3863 870 3935 Laconicos.
961 3864 1043 3933 Μο-
1093 3872 1331 3967 interrogavit
1348 3881 1549 3970 quendam,
1575 3879 1758 3972 quomodo
1784 3877 2005 3968 perduxisset
2027 3875 2081 3943 vi·

56 3970 202 4069 loreum]
225 3973 363 4042 Aloco.

161 4090 222 4161 Vs.
238 4089 324 4161 407.
357 4089 492 4180 flerem]
519 4087 555 4154 id
579 4097 652 4170 est,
689 4082 742 4150 illi
775 4082 956 4173 depellunt
978 4104 1043 4148 no-

60 4211 183 4267 cturna
202 4193 402 4262 latrocinia.

159 4295 221 4367 Vs.
237 4294 323 4366 409.
347 4291 513 4382 Onayroe]
546 4289 666 4359 walde
682 4288 764 4358 esel.

1094 3985 1166 4042 tam
1195 4002 1297 4047 suam
1333 3982 1379 4047 ad
1403 3993 1476 4047 tam
1501 3981 1646 4070 longam
1669 3992 1866 4061 senectam,
1898 3977 2083 4068 respondit

1093 4075 1169 4144 ille:
1196 4078 1301 4150 Foris
1317 4081 1416 4162 oleo,
1442 4083 1539 4151 intus
1553 4083 1682 4152 muls0.
1735 4078 1786 4150 lta
1804 4081 1841 4148 in
1856 4079 1961 4149 Livio
1983 4079 2081 4147 vide·

1094 4178 1149 4246 tis.
1201 4178 1384 4248 Hannibal
1402 4181 1651 4265 ordinaverat,
1677 4194 1719 4251 ut
1743 4184 1875 4251 milites
1888 4182 1925 4250 in
1949 4181 2081 4271 frigore

1094 4278 1194 4369 prius
1218 4282 1297 4349 oleo
1320 4294 1496 4371 ungerent
1520 4305 1692 4374 corpora3
1727 4283 1846 4351 oleum
1869 4284 1963 4350 enim
1991 4285 2082 4351 inte·

151 4368 221 4470 gVs.
247 4397 335 4469 410.
363 4391 516 4491 Damae]
551 4391 711 4463 Medium
750 4387 921 4483 quiddam
950 4383 1044 4452 iuter
1094 4381 1192 4448 riora
1216 4382 1344 4452 leniter
1358 4385 1467 4453 fovet.
1516 4382 1566 4452 Et
1579 4385 1736 4454 Galenus
1758 4383 1844 4453 dicit
1867 4384 1946 4453 illas
1965 4384 2082 4453 natio·

59 4525 183 4593 capras
202 4515 236 4570 et
252 4525 395 4582 cervos,
421 4513 502 4568 sunt
520 4497 731 4566 maculosae.

161 4617 223 4687 l's.
241 4615 328 4687 414.
354 4617 521 4705 Diceret]
546 4612 718 4684 Remedia
746 4622 869 4680 contra
893 4628 1044 4684 venena,
1095 4584 1233 4670 ⁰1²¹¹¹¹¹2
1265 4585 1445 4659 ⁸lc¹1ln0s
1473 4588 1621 4658 utimur·
1679 4586 1860 4657 Debemus
1886 4601 2004 4657 autem
2027 4587 2082 4657 uti
2210 4620 2214 4624 ·

884 4702 1043 4806 cedrum]
1095 4698 1176 4756 ante
1201 4688 1318 4758 cibum
1334 4689 1486 4782 butyro,
1513 4692 1597 4783 quia
1615 4688 1750 4782 alioqui
1768 4702 1849 4781 post
1871 4689 1988 4760 cibum
2016 4712 2082 4758 na·

60 4743 151 4812 quae
173 4720 283 4787 etiam
309 4721 429 4788 valent
455 4729 578 4786 contra
604 4727 751 4807 pestem.

1094 4504 1157 4551 nes
1179 4498 1272 4554 recte
1300 4485 1353 4554 uti
1385 4486 1516 4579 butyro
1545 4510 1613 4577 pro
1646 4485 1746 4568 oleo,
1783 4486 1910 4578 quibus
1932 4510 2007 4555 non
2029 4497 2082 4555 est

60 4820 175 4891 gredo
193 4824 341 4890 eandem
359 4821 429 4887 ,qm
448 4815 580 4888 habere
596 4829 718 4888 noma
733 4814 819 4886 solia
836 4835 984 4909 quemn·
1094 4799 1147 4858 tat
1171 4789 1209 4857 in
1235 4790 1370 4862 orificio
1394 4788 1591 4875 stomachi,
1626 4803 1661 4862 et
1683 4792 1829 4876 dilatat,
1851 4815 1925 4861 non
1947 4790 2083 4861 claudit

159 4922 220 4994 Vs,
244 4920 331 4995 415,
373 4920 557 5014 Galbam]
598 4919 798 4991 Galbanum
836 4929 890 4987 ..εἰ
925 4914 1042 4985 mina
1093 4887 1330 4964 stomachum.
1395 4890 1436 4963 ln
1458 4918 1619 4977 summa,
1658 4892 1756 4966 Deus
1786 4895 1982 4965 cumulavit
1997 4891 2107 4962 inos.

58 5029 235 5118 quaedam
260 5050 407 5096 nascens
430 5026 468 5092 in
492 5022 615 5116 Syria,
648 5045 756 5114 grave
780 5020 898 5106 olens,
933 5041 1042 5112 quam
1093 4991 1295 5113 ingentibus
1309 4995 1433 5079 donis,
1460 5009 1495 5065 et
1511 4991 1621 5066 homo
1639 4992 1748 5067 habet
1768 4995 1879 5066 multa
1902 4991 2079 5087 praesidia

1093 5107 1128 5163 et
1144 5098 1302 5165 remedia
1322 5100 1490 5168 adversus
1512 5098 1631 5170 varios
1654 5121 1775 5182 casus,
1809 5097 1840 5167 si
1856 5099 1964 5166 modo
1981 5117 2079 5166 accc-

1094 5197 1156 5266 dat
1179 5199 1372 5271 mediocris
1394 5200 1589 5291 diligentia.

54 5187 161 5197 n---m
184 5191 189 5196 .
211 5190 264 5197 ..—

96 5255 143 5319 rt)
169 5259 248 5338 doni.
271 5258 340 5310 l'lln.
367 5259 438 5313 nist.
462 5261 524 5310 Nat.
540 5258 627 5324 ΧΧΙ,
652 5269 674 5312 c.
689 5262 732 5313 5⁰.
756 5260 807 5319 Ed.
822 5260 925 5320 l'rsnz,
949 5270 987 5337 (ο,
1002 5267 1041 5324 15,

128 5329 213 5378 erut.
232 5325 330 5389 antiq.)
1065 5340 1069 5410 j

98 5395 317 5516 ldyncpeqlrywula]
335 5397 374 5445 sic
391 5395 440 5448 llll.
456 5397 522 5445 1844
540 5411 549 5460 3
575 5395 600 5444 in
618 5396 703 5454 Lexx.
722 5404 770 5456 Gr.
789 5407 858 5462 benc
876 5423 970 5463 vocem
988 5421 1042 5462 non

128 5480 137 5515 1
159 5480 176 5513 v
224 5502 230 5515 .

1064 5426 1069 5550 l
1127 5481 1173 5548 17)
1190 5484 1362 5544 uetando]
1381 5480 1423 5534 ilc
1440 5480 1490 5535 Ed.
1509 5479 1601 5541 rtem
1628 5478 1677 5528 rr.
1695 5477 1834 5539 werrae.
1852 5474 1966 5527 eructa.
