4784 6256
174 302 252 380 685

176 477 368 570 loquatur,
395 472 457 541 sed
475 493 593 540 secum
613 468 660 564 (si
677 495 766 561 opus
780 469 904 562 luerit)
926 472 1034 551 verba
1049 472 1169 555 laciat,

176 593 213 649 et
230 575 300 647 hoc
315 576 528 643 monodium
544 574 755 664 appellatur.
812 570 853 640 ln
869 569 987 642 choris
1002 597 1086 642 vero
1103 599 1168 644 nu-

177 704 298 750 merus
313 701 549 770 personarum
565 675 736 745 diffinitus
751 699 825 743 non
843 688 906 758 est,
922 675 1060 768 quippe.
1071 680 1167 768 quod

177 781 328 854 iunctim
349 803 473 848 omnes
487 777 589 872 loqui
603 779 759 861 debent,
786 777 888 871 quasi
904 802 991 846 voce
1009 781 1169 861 confusa,

179 899 215 956 et
247 895 458 954 concentum
493 881 531 948 in
559 903 669 950 unam
699 904 890 971 personam
920 881 1168 950 reformantes.

180 986 371 1058 Sciendum
383 983 531 1052 Latinas
545 983 748 1052 comoedias
764 978 913 1052 chorum
931 1007 1005 1051 non
1017 978 1169 1063 habere;

179 1092 241 1161 sed
264 1090 403 1157 duobus
425 1097 565 1155 tantum
591 1085 762 1182 membris
788 1096 973 1168 constant,
1006 1085 1168 1154 diverbio

178 1191 312 1262 scilicet
326 1203 360 1258 et
375 1189 526 1257 cantico.
585 1188 667 1258 Non
692 1200 743 1258 est
762 1183 831 1256 hoc
854 1189 1169 1279 praetereundum,

180 1291 430 1395 quodprimus
448 1289 590 1381 (autore
607 1289 835 1384 Aristotele),
863 1290 924 1383 qui
940 1314 1112 1380 personas
1131 1290 1168 1356 in

179 1386 321 1479 scansili
337 1394 565 1485 produxerit,
598 1392 765 1484 prologos
789 1393 1017 1474 confinxerit,
1051 1405 1086 1460 et
1105 1415 1170 1481 per

180 1494 375 1566 histriones
407 1496 545 1565 fabulas
578 1495 918 1586 repraesentaverit,
971 1495 1168 1584 ignoratur.

181 1599 370 1667 Caeterum
387 1597 525 1666 fabulas
541 1597 677 1687 primus
692 1596 861 1665 confinxit
878 1592 1114 1687 Epicharmus
1135 1607 1170 1663 et

179 1695 367 1780 Phormis;
390 1724 474 1768 nam
492 1725 534 1768 ex
547 1699 665 1768 Sicilia
684 1700 722 1766 in
735 1698 922 1767 Graeciam
942 1697 991 1766 ait
1004 1701 1169 1766 advectas

180 1805 277 1893 apud
292 1797 538 1872 Athenienses.
590 1801 706 1869 Porro
724 1800 847 1870 Crates
864 1801 1002 1893 primus
1024 1798 1169 1869 iambici

180 1905 296 1995 specie
315 1904 496 1972 orationes
515 1926 554 1969 ac
571 1903 708 1972 fabulas
724 1902 875 1993 scripsit.

517 2071 577 2141 De
609 2073 834 2163 partibus.

282 2207 489 2300 Dionysius,
516 2206 639 2279 Crates
654 2221 892 2300 cognomento
902 2208 1069 2278 Mallotes
1085 2231 1169 2299 pro-

181 2309 372 2391 diderunt,
404 2310 612 2377 comoediae
635 2324 754 2400 partes
778 2324 932 2403 quatuor
957 2336 1047 2381 esse:
1084 2334 1167 2400 pro-

180 2412 323 2500 logum,
364 2405 598 2494 chorimelos,
641 2412 839 2502 episodium
874 2424 910 2479 et
942 2410 1107 2481 exodium
1125 2409 1167 2505 8).

180 2510 359 2601 Prologus
377 2515 422 2579 ad
438 2512 635 2603 ingressum
653 2538 764 2606 usque
778 2509 878 2581 chori
896 2526 958 2582 est.
1010 2516 1058 2582 At
1076 2537 1167 2605 quae

182 2640 264 2683 cum
279 2614 440 2703 ingressu
463 2611 563 2682 chori
587 2615 742 2698 locutio,
775 2611 987 2684 chorimelos
1012 2615 1167 2706 appella-

182 2731 253 2786 tur.
306 2715 517 2807 Episodium
534 2740 645 2806 porro
666 2730 717 2786 est
729 2719 840 2788 melos
855 2717 949 2785 inter
964 2731 1105 2800 cantus,
1133 2728 1168 2785 et

182 2815 376 2887 chororum
392 2818 561 2888 binorum
577 2819 785 2890 locutiones.
843 2819 1020 2890 Exodium
1046 2833 1097 2891 est
1122 2821 1167 2887 ad

183 2917 285 2990 chori
301 2922 408 2988 linem
427 2921 572 2990 locutio.

295 3088 354 3158 De
381 3090 504 3160 ludis
532 3089 748 3174 scenicis,
784 3085 1052 3160 ex'Donato.

287 3224 381 3294 Ludi
405 3239 489 3296 sunt
513 3227 750 3296 caerimoniae
776 3230 822 3296 ab
839 3228 1012 3297 aedilibus
1038 3226 1167 3296 curuli-

181 3330 247 3398 bus
264 3352 413 3399 munere
431 3330 573 3420 publico
590 3330 792 3413 institutae,
817 3331 855 3397 in
874 3331 1002 3424 quibus
1025 3342 1065 3399 ut
1089 3328 1167 3419 plu·

179 3431 312 3501 timum
331 3433 538 3500 comoediae
552 3432 814 3514 recitabantur,
841 3457 995 3526 quorum
1011 3444 1167 3525 quatuor

179 3535 335 3603 maxime
360 3559 490 3624 genera
517 3536 758 3604 celebrantur:
786 3534 1006 3625 Megalenses
1030 3534 1167 3625 magnis

180 3634 260 3704 Diis
284 3637 498 3712 consecrati;
539 3637 704 3707 funebres
731 3639 777 3704 ad
798 3637 1026 3708 retinendum
1053 3660 1166 3727 popu·

181 3738 256 3804 lum
273 3736 445 3817 instituti,
471 3739 555 3803 dum
576 3760 714 3826 pompa¹
731 3739 848 3805 funeri
871 3743 1010 3809 decreta
1038 3740 1076 3807 in
1102 3736 1166 3808 ho-

179 3858 308 3906 norem
334 3837 473 3926 patricii
499 3836 566 3903 viri
588 3838 691 3927 plene
716 3837 922 3920 instruitur;
953 3841 1084 3932 plebeii
1100 3865 1166 3933 pro

181 3939 295 4010 salute
315 3938 428 4028 plebis
451 3937 603 4008 instituti
625 3951 726 4018 sunt;
758 3939 984 4030 Apollinares
1007 3944 1166 4035 Apollini

181 4040 390 4110 consecrati.

491 4191 605 4281 ¹De
664 4194 824 4266 aris.

283 4331 378 4402 Arae
411 4331 503 4400 duae
533 4343 635 4400 erant
667 4330 704 4399 in
736 4356 839 4402 scena
863 4330 940 4403 Diis
972 4331 1167 4418 dedicatae,

182 4435 305 4501 dextra
336 4433 469 4503 scilicet
501 4446 535 4502 et
563 4434 726 4517 sinistra,
758 4437 880 4503 dextra
906 4433 1037 4504 Libero
1059 4437 1167 4526 patri,

181 4534 324 4606 sinistra
343 4537 396 4603 illi
411 4534 509 4620 Deo,
536 4537 573 4604 in
589 4537 687 4606 cuius
704 4537 845 4606 laudem
863 4538 938 4607 ludi
952 4539 1095 4608 fiebant.

435 4686 498 4756 De
527 4692 706 4760 scenico
738 4688 910 4763 habitu.

284 4816 449 4888 Scenicus
470 4815 611 4892 habitus
636 4836 688 4893 est
705 4810 906 4896 indumenti
928 4852 1058 4920 genus,
1093 4854 1165 4923 quo

178 4921 375 4993 utebantur
391 4921 538 5006 scenici,
565 4937 605 4992 ut
626 4927 715 4994 alter
739 4928 784 4997 ab
809 4931 921 4999 altero
944 4931 1165 5023 dignoscere·

179 5039 249 5096 tur.
295 5024 459 5095 Primum
478 5026 573 5094 enim
589 5026 752 5120 Ulyssem
769 5030 806 5098 in
820 5055 961 5100 scenam
977 5034 1163 5125 palliatum

177 5129 347 5196 inducere
364 5129 545 5213 solebant,
573 5129 630 5198 vel
646 5132 743 5223 quod
768 5133 960 5226 aliquando
987 5136 1162 5205 insaniam

176 5229 373 5314 simularit,
414 5233 472 5301 vel
501 5233 547 5301 ob
578 5232 794 5324 singularem
824 5237 1055 5328 sapientiam,
1101 5264 1163 5309 seu

212 5426 406 5549 mugrypylyom]
428 5436 478 5487 nd.
493 5435 568 5486 151⁶.
593 5436 619 5489 li.
640 5434 659 5491 l.
684 5435 842 5501 exacutum
877 5435 904 5488 lu
932 5441 1075 5504 subsequr
1113 5453 1164 5492 ex·

632 295 738 370 XCll.
789 295 1078 372 ENARRATIO·
1109 298 1472 374 COMOEDIARUM
1507 300 1749 375 TERENTII.

2132 312 2210 383 686

1221 475 1319 566 quod
1331 468 1487 555 Ithacae,
1513 473 1604 543 sicut
1617 473 1724 543 Locri
1742 473 1880 543 incolae
1893 476 2032 566 palliati
2047 478 2209 559 suerunt;

1220 571 1369 644 Achillis
1384 575 1457 644 sive
1475 575 1703 667 Neoptolemi
1723 596 1898 667 personae
1923 578 2126 647 diademate
2151 605 2209 649 co-

1221 690 1371 747 ronatae
1389 679 1602 768 prodibant,
1629 679 1792 772 quamvis
1809 681 1941 770 regalia
1956 693 2094 769 sceptra
2117 706 2209 750 nun-

1221 804 1329 874 quam
1344 781 1535 849 tenuerint.
1589 779 1743 850 Comicis
1767 781 1910 851 senibus
1934 783 2125 854 candidum
2149 809 2209 852 ve-

1220 883 1427 953 stimentum
1454 883 1618 952 dabatur.
1669 882 1952 953 Adulescentulis
1979 884 2133 954 discolor
2156 898 2209 954 at-

1220 985 1410 1065 tribuitur,
1436 997 1477 1052 ut
1494 984 1549 1054 sui
1564 985 1698 1075 ingenii
1715 986 1950 1054 mobilitatem
1973 1010 2059 1076 prae
2083 1010 2119 1055 se
2140 988 2209 1054 ler-

1221 1099 1312 1156 rent.
1364 1086 1466 1154 Servi
1489 1086 1621 1155 amictu
1644 1087 1769 1177 exiguo
1793 1100 2030 1176 conteguntur
2055 1112 2209 1179 pauper·

1220 1189 1303 1257 tatis
1327 1188 1495 1282 antiquae
1520 1189 1654 1278 gratia,
1692 1189 1746 1257 vel
1775 1216 1847 1282 quo
1870 1190 2106 1278 expeditiores
2128 1214 2208 1281 age·

1221 1304 1314 1377 rent,
1364 1289 1518 1359 Parasiti
1545 1316 1626 1358 cum
1650 1292 1791 1360 intortis
1806 1290 1923 1382 palliis
1939 1293 1984 1359 ob
2004 1292 2134 1360 collum
2149 1317 2209 1360 ve·

1221 1394 1260 1475 ni
1318 1442 1348 1481 ,¹
1397 1393 1489 1460 laeto
1525 1393 1715 1475 candidus,
1764 1416 1980 1462 aerumnoso
2016 1394 2208 1477 obsoletus,

1221 1520 1269 1585 pu
1340 1516 1421 1564 reus
1437 1492 1558 1575 diviti,
1586 1495 1733 1585 pauperi
1749 1491 1967 1585 phoeniceus
1981 1496 2127 1566 vestitus
2144 1499 2208 1565 da·

1221 1598 1346 1679 batur,
1373 1597 1478 1663 militi
1500 1590 1658 1687 chlamys
1683 1621 1875 1687 purpurea.
1937 1597 2083 1666 Puellae
2105 1596 2206 1666 habi-

1222 1712 1277 1768 tus
1294 1699 1502 1789 peregrinus
1518 1697 1708 1766 inducitur.
1762 1697 1861 1765 Leno
1879 1698 1989 1788 pallio
2006 1701 2097 1768 varii
2112 1702 2207 1769 colo-

1221 1801 1270 1871 ris
1287 1801 1411 1871 utitur.
1463 1798 1643 1867 Meretrici
1661 1800 1706 1867 ob
1724 1800 1910 1867 avaritiam
1935 1801 2069 1870 luteum
2090 1807 2207 1873 datur.

1220 1902 1420 1973 Luctuosae
1445 1924 1620 1992 personae
1641 1902 1808 1993 syrmatis
1831 1900 2044 1972 incedebant
2066 1905 2112 1973 ob
2134 1929 2207 1974 sce-

1220 2006 1337 2075 nicam
1366 2004 1563 2083 lnxuriam3
1602 2006 1663 2072 sed
1695 2005 1738 2070 de
1769 2003 1919 2073 vestium
1951 2019 2081 2076 ornatu
2104 2007 2206 2097 plura

1220 2108 1360 2177 Pollux.
1432 2105 1567 2175 Aulaea
1601 2104 1638 2170 in
1673 2129 1776 2174 scena
1812 2101 1913 2174 humi
1945 2108 2207 2192 sternebantur,

1221 2213 1317 2304 quod
1346 2209 1461 2299 pictus
1488 2220 1636 2277 ornatus
1661 2220 1738 2275 erat
1760 2231 1802 2276 ex
1827 2207 1978 2277 Attalica
2009 2210 2105 2300 regia
2134 2209 2207 2279 Ro·

1220 2336 1316 2380 mam
1337 2333 1449 2404 usque
1476 2310 1654 2399 perlatus,
1696 2332 1763 2398 pro
1794 2311 1923 2402 quibus
1950 2312 2080 2402 siparia
2110 2325 2207 2382 aetas

1219 2414 1397 2505 posterior
1415 2411 1560 2502 accepit.
1612 2409 1801 2481 Sciendum
1820 2411 1925 2479 etiam
1942 2409 2114 2504 Thespim
2135 2413 2206 2505 pri·
2307 2436 2348 2452 f·

1219 2542 1317 2609 mum
1334 2514 1467 2604 tragica
1486 2525 1649 2602 poemata
1670 2512 1837 2610 plaustris
1864 2514 2016 2597 vexisse,
2051 2511 2207 2583 homini·
2306 2588 2310 2597 ,

1218 2621 1284 2688 bus
1299 2618 1368 2686 ‘ora
1394 2616 1549 2685 faecibus
1572 2615 1764 2706 perunctis.
1817 2615 1884 2684 Sed
1902 2615 2051 2686 Roscius
2069 2616 2207 2698 Gallus,

1219 2719 1430 2813 praecipuus
1457 2713 1603 2798 histrio,
1634 2718 1771 2807 primus
1797 2717 1971 2808 parasitos
1997 2717 2143 2786 deduxit
2164 2717 2205 2815 ,³¹¹

1218 2847 1379 2901 scenam;
1418 2815 1613 2911 Aeschylus
1637 2843 1722 2888 vero
1747 2841 1940 2909 personae,
1973 2821 2110 2911 pallae,
2145 2843 2204 2886 co·

1219 2921 1343 2995 thurni
1360 2935 1395 2992 et
1409 2923 1503 2993 socci
1516 2933 1680 3012 repertor
1696 2917 1839 2991 habitus
1854 2934 1916 2992 est.

1555 3090 1615 3159 De
1649 3091 1863 3161 canticis.

1322 3228 1466 3298 Cantica
1485 3241 1567 3297 sunt
1584 3225 1815 3312 harmoniae,
1850 3252 1941 3321 quae
1958 3251 2032 3296 non
2049 3252 2067 3295 a
2085 3241 2205 3318 pocta,

1219 3332 1322 3402 seda
1346 3331 1500 3401 musicae
1524 3331 1613 3399 'artis
1637 3331 1753 3421 perito
1777 3330 2090 3421 temperabantur,
2132 3354 2205 3398 non

1218 3435 1364 3514 iisdem,
1391 3434 1450 3502 sed
1465 3432 1740 3523 saepe'mutatis
1763 3433 1900 3514 modis,
1934 3444 1973 3501 ut
1992 3432 2206 3523 significant,

1219 3537 1281 3630 qui
1307 3548 1378 3604 tres
1399 3559 1569 3603 numeros
1591 3535 1628 3600 iu
1651 3535 1843 3603 comoediis
1858 3547 2011 3626 ponunt.
2061 3534 2204 3604 Nomen

1219 3652 1336 3709 autem
1355 3638 1392 3705 in
1406 3636 1583 3728 principio
1600 3635 1760 3717 fabulae,
1786 3648 1823 3703 et
1835 3635 2030 3724 scriptoris,
2056 3648 2092 3703 et
2108 3648 2205 3702 acto-

1218 3742 1268 3812 ris
1286 3738 1503 3808 carminibus
1528 3739 1574 3804 ad
1596 3736 1700 3806 tibias
1716 3738 1818 3806 lactis
1835 3735 2137 3826 pronuntiabant,
2165 3747 2205 3803 ut

1218 3844 1369 3913 disceret
1384 3853 1465 3908 ante
1482 3838 1657 3930 populus,
1684 3860 1791 3932 quam
1814 3838 1970 3907 fabulam
1995 3839 2108 3909 acturi
2130 3862 2203 3908 sce·

1218 3945 1288 4015 uici
1307 3955 1431 4014 essent.
1485 3941 1631 4011 Cantica
1648 3942 1685 4008 in
1704 3941 1898 4012 comoediis
1913 3939 2099 4031 tripliciter
2123 3964 2204 4031 age-

1217 4050 1370 4128 bantur,
1423 4044 1517 4114 tibiis
1555 4044 1689 4113 scilicet
1722 4044 1867 4134 paribus
1906 4044 1961 4112 vel
1994 4042 2204 4133 imparibus,

1219 4151 1351 4221 dextris
1364 4161 1426 4218 aut
1441 4147 1612 4228 sinistris,
1640 4146 1695 4214 vel
1711 4146 1882 4240 utrisque.
1934 4146 2043 4214 Pares
2061 4146 2117 4214 vel
2137 4145 2203 4213 im·

1218 4276 1322 4344 pares
1340 4251 1447 4320 tibiae
1462 4250 1498 4316 in
1516 4274 1581 4319 usu
1601 4262 1723 4331 erant,
1757 4250 1875 4341 quod,
1910 4248 1939 4317 si
1963 4249 2107 4340 quando
2124 4272 2202 4316 mo·

1218 4353 1328 4423 nodio
1347 4353 1518 4442 agebant,
1543 4374 1653 4419 unam
1673 4351 1796 4418 tibiam
1815 4349 2005 4431 inflabant,
2036 4351 2066 4420 si
2090 4373 2202 4442 quan·

1219 4458 1264 4524 do
1280 4453 1444 4546 synodio,
1460 4466 1661 4546 utramque.
1703 4451 1858 4520 Dextrae
1873 4453 1928 4518 vel
1944 4453 2121 4535 sinistrae,
2139 4462 2202 4521 aut

1218 4558 1373 4628 Serenae
1398 4555 1505 4625 tibiae
1528 4554 1565 4622 iu
1593 4581 1658 4625 usu
1683 4566 1796 4623 erant.
1853 4552 1946 4625 Nam
1972 4556 2114 4624 dextrae
2138 4576 2202 4624 sua

1218 4660 1390 4752 gravitate
1413 4657 1539 4728 seriem
1566 4657 1879 4749 conditionemque
1900 4658 2202 4748 pronuntiabant3

1218 4763 1381 4835 sinistrae
1404 4773 1522 4831 autem
1551 4773 1584 4830 et
1601 4760 1756 4830 Seranae
1781 4759 1956 4830 acuminis
1979 4760 2121 4829 levitate
2148 4759 2201 4827 io-

1218 4893 1296 4938 cum
1312 4865 1350 4934 in
1369 4864 1552 4935 comoedia
1568 4865 1819 4944 ostendebant3
1851 4876 2045 4957 utraeque,
2076 4865 2200 4931 dextra

1216 4969 1348 5042 scilicet
1362 4982 1398 5037 et
1413 4967 1576 5052 sinistra,
1603 4966 1732 5037 mixtos
1747 4965 1844 5037 iocos
1860 4979 1895 5037 et
1909 4967 2119 5057 gravitatem
2144 4986 2201 5031 ex·

1214 5072 1429 5164 primebant.

1530 5239 1880 5311 Descen'a.

1317 5380 1427 5448 Scena
1449 5391 1501 5447 est
1517 5376 1766 5447 umbraculum
1794 5399 1835 5443 ex
1858 5372 2045 5442 arboribus
2071 5369 2200 5440 consti·

1213 5492 1350 5565 tutum,
1377 5504 1395 5549 a
1414 5479 1555 5550 rusticis
1569 5478 1672 5574 prius
1689 5474 1967 5548 inumbrationis
1981 5496 2082 5544 causa
2102 5497 2201 5543 com·
