4778 6240
762 278 835 387 xo
894 275 1178 350 autumno
1213 275 1481 348 nasroauu
1518 278 1678 350 ounn.

196 286 274 361 189
2161 291 2237 364 490

200 453 343 544 vesperi
360 451 468 520 Canis
495 450 625 519 oceidit
646 445 793 519 laeliace.
846 449 1031 518 Hiclocus
1056 461 1109 517 est
1131 450 1194 516 ob·
1248 447 1350 515 initio
1376 461 1447 519 tres
1474 474 1598 521 causas
1622 453 1871 542 appellationis
1895 455 2003 537 Maii,
2038 457 2095 523 vel
2117 481 2136 524 a
2160 485 2235 530 ma.

201 556 398 627 servamlus
416 567 564 644 propter
581 565 680 620 ortus
696 564 731 620 et
747 576 890 621 occasus
906 551 1077 632 siderum,
1097 574 1194 642 quae
1247 550 1389 633 iestate‚
1427 552 1483 620 vel
1508 576 1527 620 a
1552 554 1767 639 maioribus,
1790 557 1846 624 vel
1870 580 1888 623 a
1918 556 2036 638 Maia,
2064 557 2234 629 Mercurii

203 661 308 728 debet
325 681 397 725 esse
416 657 606 744 praecipua
626 653 789 722 lectionis
804 648 909 722 huius
928 653 1075 721 utilitas.

305 758 366 827 Vs.
392 758 479 827 908.
521 756 712 847 Persidem]
755 756 934 836 Arietem,
974 756 1037 847 qui
1066 752 1195 820 occidit

202 865 273 931 iam
308 855 510 951 acronycho
543 883 690 940 occasu,
731 858 814 949 qnia
837 858 890 926 sol
918 868 970 925 cst
995 857 1033 924 in
1057 856 1194 936 Tauro,

202 966 284 1032 ideo
303 988 382 1031 cum
401 987 443 1029 eo
461 962 591 1029 occidit
609 961 729 1028 infima
748 984 831 1048 pars
845 958 988 1028 Arietis.

305 1064 365 1134 Vs.
389 1062 476 1134 904.
509 1068 741 1155 Exoriturquc
764 1056 964 1155 conada]
1004 1059 1081 1127 Hoc
1105 1069 1194 1124 tem·

202 1193 270 1260 pus
288 1191 362 1234 non
377 1170 532 1258 quadrat
547 1168 589 1234 ad
609 1167 722 1233 ullum
744 1177 863 1232 ortum
882 1161 1000 1231 Canis.
1045 1160 1193 1231 Necesse

204 1283 256 1338 est
272 1268 382 1359 igitur
398 1269 565 1336 mendam
586 1292 671 1337 esse.
724 1264 887 1357 Cumque
905 1259 970 1332 has
986 1260 1193 1350 descriptio-

203 1395 266 1439 nes
290 1383 433 1438 ortuum
460 1381 596 1438 constet
620 1379 779 1456 sumptas
806 1388 879 1435 esse
906 1389 947 1432 ex
972 1364 1104 1432 usitato
1137 1386 1193 1428 ca-

203 1474 387 1552 lendario,
424 1473 521 1563 quod
542 1471 678 1561 pariter
701 1480 899 1560 sequnntur
923 1465 1095 1547 Ovidius,
1121 1463 1193 1530 Pli-

202 1576 285 1643 nius
303 1588 338 1643 et
357 1573 574 1654 Columella,
603 1597 644 1640 ex
660 1569 779 1642 Plinio
804 1567 988 1636 emendari
1011 1564 1070 1635 hic
1093 1566 1193 1634 locus

203 1690 341 1769 potest,
367 1676 428 1769 qui
443 1674 578 1766 inquit,
603 1670 672 1742 hoc
693 1672 750 1739 die
767 1671 857 1739 oriri
871 1669 1035 1751 Hoedos,
1061 1667 1195 1737 scilicet

205 1780 375 1860 cosmice,
405 1777 506 1845 utin
530 1776 636 1864 globo
661 1774 846 1842 manifeste
870 1772 1088 1862 conspicitur
1112 1794 1192 1838 cum

204 1881 328 1950 Tauro
352 1879 440 1947 oriri
466 1891 500 1945 et
524 1878 685 1947 occidere
708 1877 864 1946 Hoedos.
932 1875 1053 1967 Quare
1076 1874 1194 1962 legen-

203 1983 290 2051 dum
320 1994 389 2051 est:
435 1979 818 2081 Erofflrqueidupru.
885 1977 1002 2046 Verba
1027 1973 1192 2070 Plinii⁴⁷)

203 2081 292 2154 haec
314 2097 413 2154 sunt:
449 2080 610 2174 Septimo
629 2083 804 2152 Calendas
822 2080 911 2149 Maii
927 2079 1045 2149 Hoedi
1071 2079 1193 2147 oriun-

203 2186 338 2281 tur⁴⁸),
374 2186 506 2256 scilicet
527 2186 689 2254 cosmica.
750 2186 857 2253 Sexto
884 2183 958 2252 Cal.
980 2182 1070 2251 Maii
1087 2179 1192 2249 Canis

203 2290 343 2379 vesperi
367 2288 584 2368 occultatur,
618 2287 751 2355 scilicet
776 2309 902 2354 occasu
927 2280 1076 2354 beliaco.
1136 2282 1194 2350 Sic

204 2407 240 2459 et
253 2390 423 2480 Virgilius
432 2387 480 2482 ⁴⁹)
493 2388 627 2479 inquit:

307 2509 414 2556 remus
432 2507 460 2554 et
477 2503 598 2555 adverso
616 2503 717 2554 cedens
736 2501 822 2554 canis
840 2502 940 2555 occidit
956 2503 1045 2554 astro.

202 2596 321 2666 Porro
336 2594 545 2662 Hoedorum
563 2607 663 2662 ortus
685 2593 858 2662 cosmicus
881 2593 919 2659 in
940 2615 1042 2670 vere,
1076 2600 1111 2656 et
1134 2612 1192 2655 oc·

205 2722 305 2767 casus
337 2696 509 2764 cosmicus
539 2695 578 2763 in
604 2708 798 2777 autumno,
832 2717 978 2785 magnas
1003 2701 1192 2780 tempesta-

1248 664 1372 720 matre.

1347 752 1407 822 Vs.
1427 755 1487 824 11.
1519 757 1654 850 Paua)
1678 754 1806 855 ciaon]
1833 757 1955 827 Prima
1974 761 2067 828 ratio
2090 764 2134 829 de
2157 787 2233 832 ma-

1245 855 1389 936 iestate,
1417 880 1507 948 quae
1527 859 1710 953 constituit
1728 858 1889 931 ordinem
1909 862 1947 929 in
1968 875 2108 932 natura.
2161 863 2232 934 Lo-

1246 981 1306 1025 cus
1322 959 1521 1028 communis
1537 963 1581 1029 de
1598 958 1780 1044 anarchia,
1806 988 1876 1056 qna
1895 959 1985 1033 nihil
2001 977 2054 1035 est
2068 965 2232 1040 miserius

1246 1071 1280 1126 et
1296 1059 1554 1144 calamitosius,
1589 1064 1671 1155 quia
1691 1064 1788 1134 Deus
1815 1066 1891 1134 volt
1915 1062 2079 1136 homines
2105 1070 2231 1156 guber-

1245 1160 1344 1242 nari,
1384 1161 1473 1231 alios
1494 1187 1675 1252 praeesse,
1716 1167 1805 1236 alios
1829 1191 1975 1257 parere,
2007 1182 2048 1238 ut
2070 1172 2160 1237 ordo
2185 1171 2231 1241 sit

1245 1260 1339 1329 inter
1355 1257 1531 1334 homines.
1584 1268 1705 1357 Quare
1724 1266 1892 1336 anarchia
1912 1282 1964 1339 est
1987 1295 2042 1341 res
2065 1272 2229 1362 pessima.

1249 1368 1333 1434 Tria
1360 1372 1532 1454 corpora]
1573 1371 1698 1461 Aqua,
1739 1384 1855 1454 terra,
1896 1374 2046 1444 coelum.
2112 1374 2229 1444 Porro

1245 1465 1430 1555 coniungit
1459 1468 1538 1550 illa,
1583 1473 1666 1563 quia
1692 1473 1781 1541 coeli
1804 1486 1931 1542 natura
1956 1489 2008 1543 est
2038 1488 2228 1564 cognatum

1246 1567 1415 1660 quiddam
1434 1568 1509 1658 igni
1525 1572 1580 1638 vel
1599 1575 1695 1654 aeri,
1721 1575 1758 1642 id
1775 1576 1905 1643 Graeci
1920 1592 2051 1645 vocant
2072 1573 2230 1662 aethera,

1246 1673 1342 1762 quod
1358 1669 1513 1760 flagrans
1529 1673 1664 1764 aliquid
1680 1675 1865 1764 significat.

1346 1770 1407 1841 Vs.
1423 1770 1485 1842 57.
1523 1778 1657 1865 Mupua
1675 1775 1774 1865 suit]
1808 1778 1926 1848 Maius
1948 1776 1999 1871 (v.
2015 1780 2093 1875 73.)
2116 1783 2230 1854 dietus

1245 1888 1299 1945 est
1312 1897 1341 1942 a·
1356 1876 1554 1946 maioribus
1573 1892 1680 1961 natu,
1705 1893 1745 1947 ut
1768 1883 2031 1950 admoneantur
2053 1878 2230 1969 homines,

1246 1977 1483 2046 reverentiam
1500 1991 1535 2046 et
1549 1974 1727 2048 honorem
1743 1983 1940 2053 maioribus
1957 2008 2031 2053 esse
2047 1998 2230 2075 praestan·

1245 2083 1348 2163 dam,
1376 2082 1473 2172 quod
1489 2081 1596 2149 etiam
1615 2096 1667 2152 est
1682 2084 1845 2153 divinum
1861 2098 2104 2176 praeceptum.

1347 2180 1408 2251 Vs.
1424 2183 1484 2252 88.
1513 2185 1665 2276 Pleione]
1683 2183 1857 2256 Traditur
1875 2212 1948 2259 esse
1963 2172 2231 2273 uxor‘Atlantis,

1245 2285 1328 2376 quia
1345 2282 1445 2354 Atlas
1471 2285 1620 2353 tradidit
1641 2285 1771 2356 Orioni
1794 2303 1912 2359 motus
1935 2314 2126 2381 corporum
2151 2314 2230 2358 coe·

1243 2386 1406 2467 lestium,
1434 2397 1520 2455 teste
1536 2386 1715 2458 Pausania
1724 2390 1783 2486 ⁶⁴).

1345 2485 1407 2555 νε.
1426 2487 1511 2558 128.
1554 2487 1812 2586 Praestitilus]
1845 2491 1928 2559 Duo
1956 2494 2100 2562 fuerunt
2126 2494 2230 2574 lares,

1245 2589 1334 2657 alter
1352 2588 1557 2670 claudebat,
1584 2590 1674 2657 alter
1692 2592 1886 2682 aperiebat.

1345 2688 1406 2759 Vs.
1424 2689 1507 2760 161.
1534 2694 1721 2784 Argestes]
1747 2692 1994 2774 Fulminator,
2019 2705 2146 2762 ventus
2161 2693 2232 2782 spi-

204 2813 257 2869 tes
287 2799 391 2867 cient.
466 2796 551 2865 lude
581 2810 664 2867 sunt
688 2798 792 2867 multi
823 2798 1008 2877 versiculi,
1050 2790 1192 2884 Virgilii
1244 2816 1327 2862 rans
1344 2792 1388 2859 ab
1406 2816 1533 2862 occasu
1550 2793 1698 2862 aestivo.

202 2903 264 2972 no.
282 2900 374 2993 ou)

308 3019 433 3079 Quantus
452 3019 486 3067 ab
503 3028 604 3067 occasu
621 2982 737 3067 veniens
755 3015 920 3079 pluvialibus
939 3012 1044 3066 floedls

307 3105 446 3154 Verberat
462 3103 550 3153 imber
566 3105 683 3154 mmum.

1345 2892 1405 2963 Vs.
1418 2894 1501 2965 162.
1528 2895 1714 2985 Calabris]
1730 2892 1783 2963 Ex
1798 2919 1924 2966 occasu
1936 2896 2101 2986 navigari
2116 2907 2233 2986 potest

1245 3021 1365 3066 versus
1381 2998 1569 3067 orientem.

1344 3098 1405 3167 Vs.
1434 3098 1517 3168 164.
1552 3100 1681 3190 Lata]
1713 3097 1807 3188 Lege
1828 3106 1940 3186 putei,
1978 3097 2061 3190 quia
2086 3098 2129 3164 de
2154 3107 2232 3165 ortu

201 3192 286 3263 ldeo
317 3192 367 3261 sic
395 3192 513 3283 inquit
536 3191 704 3261 Ovidius:
750 3195 923 3285 Signaque
945 3194 1029 3258 durii
1057 3189 1191 3268 imbres,
1243 3197 1379 3269 beliaco
1403 3225 1478 3268 „011
1503 3213 1620 3290 potest
1640 3201 1801 3288 intelligi,
1861 3201 1978 3269 porro
2005 3198 2034 3266 si
2059 3199 2232 3290 quisma.

203 3301 424 3389 cooriturque
441 3298 564 3383 Capru.

1244 3303 1320 3371 vult
1345 3302 1461 3390 legere
1488 3305 1588 3386 iulet,
1629 3301 1804 3390 intelligat
1835 3313 1919 3392 post
1951 3323 2114 3368 oceasum
2148 3296 2231 3367 solis
2274 3382 2278 3393 1

306 3398 367 3468 Vs.
383 3393 469 3466 905.
506 3402 581 3467 Hac
604 3393 720 3493 milti]
753 3393 943 3485 Robigalia
968 3390 1193 3461 celebratumr
1244 3404 1388 3497 Hyadas
1412 3403 1676 3497 aliquantulum
1700 3403 1879 3485 cunctari,
1918 3416 1952 3470 et
1974 3403 2137 3470 nondum
2161 3412 2230 3470 sta·

204 3504 275 3572 isto
285 3498 333 3596 ⁵¹)
348 3502 417 3569 die.
444 3508 448 3515 “

306 3604 367 3673 νε.
390 3603 477 3674 946.
524 3605 634 3672 Sceuu
667 3593 821 3694 iooi⁵²).]
862 3594 1085 3667 Exhibentur
1118 3591 1193 3661 ludi

205 3708 346 3777 scenici.

206 3931 304 3980 sacer
318 3908 447 3975 Vestae
469 3905 661 3996 palatinae.
720 3903 813 3971 Nam
838 3902 875 3968 in
898 3900 1053 3992 palatio,
1084 3899 1192 3966 domo

1244 3507 1308 3574 tim
1330 3507 1509 3596 subsequi.

1345 3607 1406 3677 Vs.
1419 3606 1502 3676 170.
1527 3608 1653 3698 Hyas]
1667 3605 1876 3694 Astrologos
1891 3604 2093 3673 Boeoticus.
2121 3602 2230 3694 Hyas,

1245 3710 1344 3779 Atlas
1361 3709 1521 3777 etOrion
1531 3708 1685 3792 Boeotii,
1713 3707 1775 3800 qui
1790 3708 1935 3776 fuerunt
1951 3703 2100 3776 studiosi
2116 3716 2228 3772 astro-

306 3807 368 3874 Vs.
382 3804 469 3876 949.
504 3803 629 3891 Aufert
655 3806 783 3887 ναίω]
813 3797 880 3869 lste
903 3800 978 3867 dies
1002 3798 1110 3866 etiam
1142 3805 1195 3862 est
1245 3814 1372 3903 logia&
1599 3826 1602 3833 ·

1346 3912 1407 3981 Vs.
1422 3912 1509 3986 204.
1542 3911 1756 4001 Breeltm]
1790 3908 1973 4002 Significat
1991 3908 2103 3988 bella,
2137 3928 2229 3997 quae
2311 3886 2315 3893 ’

204 4011 376 4100 Augusti,
411 4006 654 4098 estlefflplum
679 4004 827 4085 Vestae,
870 4006 966 4095 quod
990 4025 1032 4068 00
1057 3999 1113 4066 die
1140 4000 1195 4066 1¹¹·
1245 4029 1428 4105 gesserunt
1441 4011 1674 4084 Athenienses
1691 4037 1771 4081 cum
1788 4008 1998 4081 Thracibus.

206 4126 352 4186 stratur.

413 4298 463 4368 ln
487 4298 726 4366 Fastorum
751 4291 917 4360 librum
944 4287 987 4358 ν.

1330 4117 1407 4185 νε.
1425 4115 1513 4188 219.
1548 4111 1733 4209 Charites]
1758 4114 2004 4204 Pingebantur
2023 4123 2113 4192 tres,
2146 4105 2230 4200 quia

1244 4218 1453 4286 beneficium
1473 4217 1630 4307 primum
1648 4216 1808 4283 dandum
1831 4227 1902 4296 est,
1934 4225 2057 4305 postea
2081 4211 2232 4279 redden·

1245 4321 1352 4400 dum,
1387 4318 1589 4409 etquidem
1613 4316 1812 4406 geminum:
1854 4316 1904 4382 ita
1926 4315 2104 4382 vocabant
2126 4313 2232 4380 bene-

308 4437 459 4509 Ovidius
483 4435 601 4505 reddit
626 4433 803 4500 rationem
838 4427 1062 4506 uberiorem,
1103 4448 1194 4517 quae
1244 4419 1421 4489 licentiam
1442 4433 1477 4487 et
1493 4418 1759 4509 gratitudinem.
1816 4412 2231 4487 Transmutarunteuim

206 4545 321 4612 virtus
341 4554 394 4611 cst
408 4540 561 4608 maxime
576 4535 772 4606 necessaria
789 4533 826 4600 in
847 4530 1023 4600 oratione.
1085 4527 1195 4595 Ponit

209 4695 416 4710 -——-—----

242 4792 290 4851 45)
310 4788 422 4852 Capro]
441 4782 483 4836 sio
498 4781 527 4833 iu
544 4782 595 4832 boo
618 4782 761 4831 comment.
783 4776 899 4840 scripsit
915 4777 1091 4839 Melantbou,
1124 4788 1195 4839 quo·

276 4861 351 4911 niem
368 4856 410 4905 slo
427 4857 452 4906 b.
465 4855 485 4904 l.
502 4851 647 4915 legendum
659 4862 723 4899 esse
734 4850 959 4911 argumentatum
978 4846 1007 4896 ln
1020 4847 1097 4896 textu
1109 4846 1195 4896 caiti.

276 4924 469 4979 tara-1564.
490 4925 536 4980 (=
555 4920 603 4969 nd.
622 4919 742 4980 Gloria]
759 4917 876 4980 legitur:
905 4915 1002 4968 Gonia.

242 5015 288 5079 47)
306 5014 377 5095 Ptin.
395 5013 456 5060 Nat.
476 5007 550 5059 nist.
568 5004 672 5067 XVlll,
691 5004 736 5066 46,
754 5004 778 5054 l.
797 5004 846 5053 ito.
864 5002 968 5053 Franz.
994 5000 1036 5066 (c.
1047 5001 1091 5055 26.
1112 5001 1195 5052 natta.

244 5079 450 5245 miniiiiiitur]
480 5163 521 5213 sio
546 5161 631 5211 Editt.
655 5156 882 5217 rara-1564.;
918 5154 988 5206 Ptin.
1012 5155 1108 5205 babet:
1146 5167 1196 5204 ex-

299 5245 359 5282 rron
409 5271 415 5283 .

245 5246 296 5375 sai
316 5239 406 5379 Viizi
418 5318 519 5378 Georg.
539 5314 560 5377 1,
577 5313 638 5366 218.

244 5403 293 5469 50)
312 5402 393 5465 Vlrg.
411 5403 479 5449 Aen.
499 5399 549 5455 lx,
568 5399 673 5461 ssfflsq.

242 5491 293 5552 51)
311 5488 383 5549 1ε1ο]
402 5487 444 5537 sle
460 5483 545 5535 aaut.
559 5484 652 5551 1548.,
673 5483 766 5545 1551,
785 5479 877 5543 tlibi-3
900 5478 952 5532 ltu.
968 5475 1043 5527 1550.
1059 5475 1126 5527 lata.

1246 4523 1419 4591 virtutum
1438 4522 1611 4591 vocabula
1630 4521 1667 4587 in
1682 4519 1846 4588 numina.

1347 4623 1408 4693 Vs.
1422 4626 1510 4698 223.
1540 4624 1784 4714 Therapnaeo]
1811 4619 1864 4689 De
1888 4618 2061 4709 sanguine
2078 4614 2232 4708 Hyacin-

1246 4722 1317 4809 thi,
1344 4726 1406 4819 qui
1422 4727 1489 4796 soit
1504 4739 1546 4795 ex
1561 4721 1775 4814 Therapne,
1800 4723 1837 4790 id
1854 4733 1925 4813 est,
1948 4718 2120 4788 Laconia.

1346 4827 1407 4899 νε.
1421 4824 1508 4903 226.
1534 4826 1725 4918 Narcisso]
1747 4822 1817 4895 ¹Est
1833 4823 1899 4895 flos
1916 4822 2041 4892 similis
2052 4813 2231 4899 Colchico,

1248 4929 1304 5000 cui
1330 4931 1437 4999 etiam
1464 4943 1517 5001 est
1542 4930 1679 5001 vicinus
1697 4924 2008 5019 Hermodactylus.
2073 4918 2229 4992 Narcissi

1280 5163 1330 5222 52]
1349 5164 1422 5222 tort]
1441 5161 1482 5212 alo
1498 5162 1582 5214 nutu.
1597 5162 1792 5213 1548-1554.
1817 5165 1865 5221 (=
1883 5158 1931 5209 Ed.
1952 5156 2073 5219 oturg.)
2097 5154 2126 5204 in
2145 5157 2231 5213 textu,

1315 5231 1344 5280 in
1361 5233 1411 5280 boo
1429 5232 1520 5280 autem
1538 5234 1680 5283 comment.
1698 5232 1764 5282 loct.

1281 5315 1331 5374 aa)
1350 5313 1431 5380 rost]
1450 5315 1491 5365 uc
1508 5316 1592 5365 natu.
1609 5316 1717 5364 ιεεε-
1728 5312 1803 5364 arar.
1824 5310 1872 5379 (=
1889 5311 1938 5361 aa.
1959 5304 2077 5372 oraru.)
2095 5305 2123 5355 a
2140 5292 2229 5365 textu,

1316 5385 1344 5432 tn
1360 5386 1412 5434 hoe
1429 5387 1520 5433 eutem
1535 5385 1679 5437 oannem.
1700 5384 1808 5435 Prlmo.

1282 5470 1332 5529 54)
1345 5469 1423 5522 conl.
1443 5469 1564 5523 Pam.
1580 5468 1632 5532 lx,
1647 5467 1690 5518 40.
