1271 1638
124 111 164 130 888

360 108 461 127 LXXXVll.
486 108 629 127 ENARRATIO
645 109 784 127 BucoLleow
802 108 905 127 VIRGlLll.

125 153 163 172 Sed
175 158 219 170 vera
231 151 313 169 doctrina
326 152 403 174 petenda
417 155 443 169 est
453 157 474 169 ex
487 151 526 169 aliis
536 147 622 169 tontibusss
634 162 635 167 η

126 179 177 196 flacc
189 181 272 201 poemata
282 180 357 200 propter
369 177 465 195 verborum
478 177 585 200 elegantiam
596 177 621 194 le-

127 205 211 227 guntur(
224 206 242 220 et
254 203 328 226 prodest
341 203 412 220 collatio
425 202 532 226 opinionum
542 201 621 225 philoso-

127 228 221 253 phicarum
229 235 270 246 cum
280 234 322 246 vera
330 228 418 246 doctrina.
449 228 547 252 Postquam
561 231 620 245 autem

127 254 208 272 recitavit
215 254 315 277 primordia
323 260 420 277 corporum
429 254 500 274 mundi,
510 253 586 271 instituit
594 259 622 271 re-

127 280 230 298 citationem
242 283 323 297 veterum
334 278 456 297 historiarum.
490 279 536 297 Nam
551 278 620 296 homini

127 312 172 324 sano
183 305 282 323 necessaria
294 308 320 322 est
332 304 376 322 haec
388 305 477 327 cognitio,
497 305 542 322 scire
557 304 620 322 seriem

127 335 230 354 temporum
242 331 315 351 mundi,
328 331 435 353 religionum
446 330 534 353 origines,
547 327 620 347 exordia

127 360 147 374 et
153 356 262 374 mutationes
271 356 394 379 imperiorum.
420 355 462 373 ldco
474 356 544 373 litterae
555 355 620 372 divini-

127 386 156 400 tus
165 382 241 399 traditae
247 385 297 401 sunt:
314 382 355 398 ideo
368 382 405 399 vult
417 381 466 399 Deus
477 387 510 398 nos
522 381 589 398 versari
601 381 619 398 iu

127 408 191 425 studiis
203 408 306 431 praecipue,
323 410 343 424 ut
354 406 398 424 haec
410 407 504 424 discamus.
535 406 559 423 Et
572 409 620 423 extat

127 436 165 450 tota
176 434 230 451 series
241 437 342 456 temporum
355 432 427 453 mundi,
443 432 522 449 mirabili
532 432 567 449 Dei
578 438 620 449 con-

127 459 168 476 silio
177 462 290 478 conservata:
303 459 321 475 in
331 458 418 481 poematis
426 458 499 481 vestigia
507 461 555 475 sunt.
572 457 620 475 Nam

127 487 191 507 poetae
199 485 264 501 samam
277 484 340 501 diluvii
352 484 474 504 retinuerunt,
490 484 539 507 quod
550 483 620 500 circiter

127 510 177 527 mille
188 516 245 527 annos
258 510 351 527 antecessit
360 509 427 527 bellum
435 509 546 529 Troianum,
559 511 620 526 manet

127 535 147 552 in
158 535 245 558 poematis
257 541 324 552 nomen
336 534 430 558 lapeti‘ffl),
447 541 500 558 quem
512 537 580 551 certum
594 537 620 551 est

127 560 180 578 fuisse
189 561 245 578 lilium
254 560 342 584 Nomen),
355 564 372 578 et
380 560 423 578 utile
433 564 458 578 est
470 560 530 577 videre
541 560 619 583 aliquem

128 592 232 604 eonsensum
255 589 357 609 poematum
380 592 420 603 cum
443 592 485 603 vera
507 585 619 608 antiquitate.

127 611 197 629 Deinde
211 612 276 630 omissa
291 612 340 634 longi
355 611 441 634 temporis
457 611 576 634 descriptione
591 616 619 627 ve-

127 637 180 655 niunt
195 638 218 654 ad
233 643 261 655 res
273 637 362 657 Herculis,
382 637 428 660 qnae
443 637 497 659 paulo
514 636 619 653 vetustiores

126 666 168 680 sunt
175 663 222 680 bello
230 663 321 683 Troiano,
334 663 383 686 :prod
392 663 425 680 suit
437 662 483 679 circa
495 665 576 684 tempora
583 660 620 678 Da-

127 688 179 705 vidis.
205 688 318 711 Quaeramus
325 688 380 710 igitur
388 693 448 705 veram
461 687 524 705 seriem
536 686 619 704 historia⁴

126 719 168 730 rum
177 719 198 730 ex
206 713 245 731 aliis
252 713 332 736 scriptis,
348 719 394 737 qnae
402 713 474 737 quidem
484 714 506 730 de
514 712 574 730 multis
582 718 619 729 ma-

126 738 179 756 ximia
187 739 240 756 rebus
247 738 328 756 homines
335 740 392 756 docet.
418 739 456 756 Hos
465 744 507 756 vero
519 738 571 756 ludos
578 737 619 754 Vir-

126 764 165 786 gilii
181 764 261 787 legamus
275 765 303 782 vel
318 765 413 782 verborum
426 770 489 785 cansa,
506 764 535 781 vel
547 769 579 781 eeu
592 763 619 780 in<

126 788 211 807 choatum
224 790 297 813 aliquod
310 796 355 813 opus
365 796 403 807 non
414 790 522 807 absolutum.
550 788 571 806 ln
584 789 619 806 fine

126 814 204 838 Eetngae
211 816 319 838 abrumpens
328 819 364 833 tam
372 816 407 833 alte
416 815 509 839 repetitam
518 814 581 832 mundi
592 813 619 832 hi-

126 841 211 862 storiam,
232 841 281 859 addit
296 842 357 859 laudes
374 841 427 859 amici
438 841 465 859 sui
477 844 494 858 et
506 840 619 858 contet-ranei

127 866 206 884 Cornelii
213 866 271 887 Galli,
284 873 316 890 per
322 873 375 890 quem
384 867 436 884 initio
447 867 582 884 commendatus
589 865 619 883 'est

126 892 212 915 Augusto.
238 892 286 910 Haec
294 896 320 910 est
328 892 405 915 Eclogae
413 898 481 910 summa
487 906 493 913 ‚
510 898 555 915 quae
567 897 619 914 prae—

126 917 178 940 cipue
186 918 260 936 lectores
268 919 373 938 admoneat,
387 918 420 935 etsi
427 924 503 941 persona
511 917 569 934 levior
576 917 619 935 Silc-

126 949 161 961 nus
168 943 288 961 introducitur
300 945 323 961 ad
334 943 441 961 deridendos
449 942 576 966 philosophos,
593 946 619 959 ta-

126 974 168 986 men
180 975 221 986 vere
232 975 251 986 se
264 969 289 986 ita
300 975 338 986 rem
354 968 430 989 habere,
449 968 568 987 necessariam
582 974 619 985 esse

126 994 228 1012 doctrinam
245 995 267 1011 de
281 1000 341 1012 rerum
355 994 420 1015 initiis,
440 997 458 1011 et
470 995 492 1012 de
505 994 550 1013 serie
564 992 619 1011 histo-

127 1025 203 1037 riarum.

279 1066 349 1084 Aliud
364 1066 471 1083 eiusdem.

177 1100 230 1118 Sexta
238 1099 305 1123 Ecloga
313 1095 381 1118 Varum
393 1100 477 1118 celebrat..
502 1099 519 1117 ls
530 1099 573 1123 quia
585 1099 620 1117 tuit

125 1125 262 1149 Epicnreus¹¹),
275 1129 328 1149 poeta
336 1132 373 1143 non
382 1126 475 1143 invenuste
483 1125 568 1149 expressit
577 1131 619 1148 pro-

125 1151 220 1175 priissimis
227 1152 287 1174 figuris
295 1151 425 1175 Epicureorum
433 1155 506 1169 sectam.
530 1151 619 1169 Describit

126 1177 174 1195 enim
185 1177 264 1195 Silenum
277 1177 373 1195 nutricium
385 1181 403 1195 et
416 1178 539 1200 paedagogum
552 1176 619 1194 Bacchi

125 1206 212 1226 perpetuo
221 1209 257 1220 esse
267 1203 336 1220 ebrium
348 1206 365 1220 et
377 1204 492 1221 temulentum
501 1203 570 1224 Deum,
587 1202 619 1226 qui

125 1229 215 1252 uit›quasi
235 1228 331 1251 voluptatis
350 1229 424 1252 potandi
439 1229 530 1253 quoddam
547 1229 618 1252 symbo-

125 1254 169 1273 lum.
194 1254 282 1277 Adiungit
293 1254 347 1272 etiam
359 1255 403 1272 duos
411 1255 494 1278 Satyros,
512 1260 557 1278 qnos
567 1254 618 1277 lingit

143 1326 168 1341 n)
176 1327 222 1339 nm
232 1326 246 1339 m
255 1326 323 1342 ‚mn-n·
332 1329 382 1339 nomn
390 1326 447 1342 numm
455 1326 476 1339 aa
483 1326 508 1339 κα.
516 1326 563 1341 uum
575 1326 617 1339 rnna

162 1343 209 1359 nus.
218 1343 256 1356 issa.
265 1345 312 1357 mn
320 1347 369 1357 nonen
378 1343 421 1359 npeu
430 1343 444 1356 ιιι
452 1343 523 1359 μαι-ιιι

143 1368 169 1385 α)
177 1368 223 1383 nuo]
232 1368 252 1381 ιω
259 1369 318 1385 wip-15
330 1369 372 1382 unit
380 1368 427 1385 ma„
438 1368 484 1385 ists,
492 1368 531 1381 tm,
540 1369 581 1387 ιιι-.-

142 1393 261 1425 ειζιξέωοιι]
269 1394 291 1408 uo
298 1394 356 1411 oms-13
369 1394 414 1412 ,ruat
423 1393 471 1410 tusa,
480 1393 527 1411 ms,
537 1393 575 1408 im.
584 1393 618 1410 ru-

1099 112 1139 130 ⁸³4

647 152 745 170 admodum
753 152 829 173 salaces,
841 158 882 170 eum
891 153 969 170 formosa
982 156 999 170 et
1010 153 1075 170 lasciva
1083 153 1138 176 Nym-

646 176 693 200 pha,
705 178 729 195 ita
737 181 758 195 ut
764 178 801 195 sere
809 178 870 195 omnia
879 178 898 195 in
907 178 997 201 quandam
1005 184 1094 195 summam
1103 179 1139 196 col-

646 202 718 225 legerit,
732 209 778 227 quae
786 203 865 221 effitiunt
872 204 989 226 voluptatem,
1001 210 1091 221 summurn
1096 203 1139 227 Epi-

647 234 741 246 cureorum
753 229 827 247 honum.
856 228 877 246 ln
887 229 942 246 altera
955 232 1007 252 parte
1018 229 1089 247 subiicit
1099 236 1139 247 sen—

647 254 721 271 tentiam
730 255 830 272 eorundum
839 255 861 272 de
868 255 931 272 mundi
941 255 1016 277 origine.
1042 255 1101 272 Porro
1112 261 1139 273 se-

647 279 681 297 ries
689 280 776 297 orationis
784 283 815 298 est.
840 280 902 298 Primo
913 280 952 298 loco
964 280 1039 304 ponitur
1051 280 1138 298 confessio

647 310 687 322 cum
696 306 764 323 occulta
773 306 850 329 quadam
858 306 981 326 excusatione,
994 312 1012 323 se
1020 304 1103 323 nonnihil
1111 312 1139 323 re-

646 331 708 348 cedere
717 337 727 348 a
735 331 848 354 simplicitate
855 331 885 348 illa
894 330 996 352 Theocriti,
1009 337 1063 355 quam
1072 331 1138 355 ubique

646 359 720 379 propter
727 357 772 374 altas
783 360 836 380 atque
847 357 891 374 alias
904 356 1005 374 occasiones
1016 363 1087 374 servare
1100 363 1138 374 non

646 381 708 404 possit.
743 382 827 406 Sequitur
845 382 943 405 propositio
960 388 992 405 per
1009 381 1137 405 apostrophen:

646 407 720 430 Nequeo
729 408 826 430 praeterire
839 408 858 424 in
867 408 952 425 Bucolico
964 414 1004 425 meo
1013 408 1092 425 carmine
1105 414 1138 425 no-

646 439 688 450 men
696 432 745 451 Vari.
771 433 840 451 Deinde
849 437 875 451 est
886 432 988 450 adhortatio
1000 434 1022 450 ad
1031 433 1101 454 Musas,
1118 436 1138 451 ut

646 457 739 476 historiam
746 459 767 476 de
776 459 836 476 Sileno
845 459 908 476 ordine
916 462 1017 481 suggerant.
1042 459 1138 481 Subiungi-

646 486 675 501 tur
690 484 743 507 longa
759 484 854 507 descriptio
871 490 903 507 per
918 483 1039 507 hypotyposin
1050 490 1138 507 personae

645 509 700 526 Sileni
715 513 733 527 et
743 510 785 527 sacti
799 511 876 527 duorum
888 510 994 532 Satyrorum
1009 512 1027 526 et
1037 508 1138 532 Nymphae,

645 535 693 552 unde
707 535 762 553 sumit
775 538 836 558 postea
847 535 958 553 occasionem
969 535 1056 552 recitandi
1066 534 1139 552 cantile-

645 566 694 578 nam.
719 560 751 578 Est
758 564 776 578 et
783 561 915 578 commendatio
923 561 984 578 addita
991 560 1076 578 carminis
1082 560 1137 578 Sileni

645 591 677 608 per
685 586 849 609 amplificationem.

795 637 862 654 Aliud
877 637 985 655 eiusdem.

696 670 754 687 Habet
770 669 813 688 haec
824 670 891 693 Ecloga
905 674 977 693 praeter
990 671 1069 694 reliquos
1083 671 1138 692 locos,

646 701 691 719 quos
699 695 762 713 ordine
773 696 898 717 tractabimus,
915 696 1032 713 memorabile
1045 696 1089 714 illud
1100 701 1138 713 car-

645 727 687 738 men
695 721 717 738 de
725 721 783 744 prima
792 721 841 738 facie.
868 721 937 738 Deinde
945 721 967 738 de
976 721 1062 744 exquisita
1072 722 1138 741 forma,

646 749 699 770 atque
711 746 831 769 pulcherrima
843 746 960 770 dispositione
975 752 1035 764 rerum
1050 747 1138 767 omnium,

645 778 691 795 qnae
702 776 743 790 sunt
754 773 787 790 sub
800 772 856 790 coelo.
885 772 965 795 Apparet
974 775 1033 790 autem
1041 772 1070 789 vel
1077 771 1138 795 Augu-

645 800 691 815 stum
703 798 731 815 vel
743 798 866 815 Maecenatem
880 797 995 815 vehementer
1010 797 1045 815 hoc
1059 797 1138 815 carmine

645 823 750 841 delectatum
758 824 817 841 fuisse.
843 823 874 841 Ait
882 823 930 840 enim
938 826 1000 846 poeta:
1014 823 1087 847 (Vs.·9.)
1098 824 1138 841 Non

645 850 766 873 ἰηίιιηαμιιο.
784 849 842 866 Porro
849 849 921 866 videtur
927 849 1013 871 Virgilius
1021 847 1055 866 hoe
1062 848 1138 871 prologo

645 875 745 897 praefatum
767 881 804 892 esse
824 874 844 891 in
863 877 920 891 totum
938 880 1010 891 carmen
1026 874 1138 895 Bucolicum,

645 900 692 917 unde
701 900 783 921 fuerunt,
801 900 832 923 qui
844 900 940 917 voluerunt
950 898 997 917 hanc
1003 899 1089 922 Eclogam
1101 899 1138 923 pri-

646 931 693 943 mam
703 931 745 943 esse.
771 925 850 948 Exponit
861 925 909 943 enim
921 931 973 943 suum
984 925 1089 946 consilium,
1106 931 1138 942 tur

645 951 710 969 scribat
717 951 812 972 Bucolica,
825 951 895 969 omissis
904 954 922 968 et
932 951 1002 973 regibus
1014 948 1031 967 εἶ
1041 950 1137 973 praeclaris

646 983 707 999 regum
715 977 830 994 facinoribus.

781 1027 851 1045 Aliud
867 1026 1010 1050 eiusdemw..

695 1066 716 1084 In
723 1065 757 1083 hac
763 1066 830 1089 Ecloga
838 1066 878 1089 plus
887 1069 913 1083 est
920 1065 1037 1085 eruditionis,
1050 1071 1104 1088 quam
1118 1065 1137 1082 in

645 1092 725 1109 caeteris.
753 1091 799 1109 Nam
808 1091 882 1109 Silenus
889 1091 1001 1109 consiliarius
1012 1090 1104 1113 cyclopis,
1117 1093 1138 1108 ut

645 1120 720 1135 testatur
726 1116 822 1139 Euripides
833 1117 852 1133 in
863 1116 954 1139 tragoedia
961 1130 966 1137 ,
980 1121 1025 1140 quae
1034 1116 1137 1133 inscribitur

645 1142 730 1166 Cyclops,
742 1145 804 1165 captus
813 1148 823 1159 a
832 1142 892 1165 pneris
899 1141 974 1159 Chromi
982 1144 1000 1158 et
1006 1141 1097 1164 Mnasylo,
1109 1147 1138 1158 r&

645 1168 688 1186 citat
702 1168 758 1186 multa
771 1167 893 1191 physiologica
909 1170 927 1185 et
940 1166 1031 1185 historica.
1062 1167 1138 1184 Constat

645 1194 692 1211 enim
709 1194 810 1217 primorum
825 1197 897 1217 patrum
916 1193 1022 1216 sapientiam
1041 1192 1137 1216 praecipue

645 1223 733 1238 versatam
744 1226 781 1238 esse
792 1220 811 1237 in
822 1218 851 1237 his
865 1222 942 1242 quatuor
956 1218 1034 1239 artibus,
1054 1218 1137 1236 videlieet

644 1246 663 1263 in
674 1244 775 1269 theologia,
788 1248 827 1262 arte
837 1245 916 1265 medica,
929 1250 975 1268 qnae
988 1243 1080 1267 physicam
1088 1250 1137 1261 com-

644 1271 737 1294 plectitur,
758 1270 878 1292 astronomia,
899 1273 918 1288 et
931 1269 1012 1288 historia.
1045 1270 1099 1292 Quod
1113 1269 1136 1285 ad

644 1297 715 1315 titulum
724 1296 793 1318 attinet,
805 1296 862 1314 sciant
870 1296 954 1317 studiosi,
965 1295 1045 1313 Silenum
1054 1294 1088 1312 hoc
1096 1294 1136 1311 loeo

643 1329 681 1340 non
691 1329 728 1340 esse
739 1322 832 1345 Satyrum,
846 1322 916 1346 qualern
927 1324 1002 1338 narrant
1015 1323 1086 1343 captum
1098 1325 1135 1337 esse

659 1392 828 1423 figat-“mgnum-
836 1391 878 1406 mu.
886 1391 931 1407 tua,
944 1390 981 1403 suu.
994 1389 1064 1406 uatum,
1080 1389 1098 1402 ab
1108 1388 1134 1401 u.
