4784 6256
251 252 359 377 'sar
859 294 983 368 rurs.
1014 294 1130 369 uns..
1160 291 1363 367 senuna
1392 291 1729 395 rusouocms
2241 297 2322 375 sss

286 491 368 563 gere
401 464 579 556 sagittam.
646 463 707 536 Tu
741 488 826 536 vero
856 467 980 551 Musa,
1020 478 1194 560 tanquam
1228 464 1273 534 ah
1326 465 1406 560 quis
1429 489 1486 535 res
1508 459 1675 536 honestas
1697 463 1806 554 gerit,
1849 462 1955 534 allert
1978 465 2169 538 materiam
2194 467 2323 544 ldusis.

288 594 375 643 areu
391 568 536 639 mittem
550 567 740 658 sagittam,
771 569 840 639 duc
853 582 998 639 ventum
1015 570 1212 641 sectandum
1229 568 1275 636 od
1327 569 1419 655 Nam
1454 566 1608 638 virtutes-
1636 589 1790 658 magnae
1820 563 1898 636 sine
1928 569 2170 655 carminibus,
2210 575 2324 643 relin-

289 672 410 747 istum.
462 667 560 764 (snt.
577 670 633 763 2.)
658 668 752 741 Nom
769 682 897 763 poetae
923 683 958 741 et
980 671 1190 765 eloquentes
1204 681 1276 740 tra·
1329 682 1490 765 quuntur
1506 668 1729 740 intenebris.
1779 667 1936 738 Unicum
1954 664 2025 740 hoc
2048 674 2232 763 speculum
2257 676 2325 748 sci-

291 776 383 847 dunt
398 771 535 862 egregia
552 773 646 840 facta
660 795 807 857 eorum,
834 774 896 869 qui
911 774 1068 845 luerunt.
1119 771 1278 843 Bassidis
1329 797 1410 843 mus
1426 772 1651 863 egregiorum
1669 773 1867 839 factorum:
1898 772 2005 843 unico
2024 777 2134 845 modo
2150 774 2325 868 pulchrae

292 900 368 948 non
384 876 481 945 deest
496 873 711 944 celebratum
726 898 857 966 genus,
892 877 949 946 cui
976 875 1122 966 proprie
1145 869 1278 943 vehant
1330 874 1525 944 memoriae
1542 898 1646 945 causa
1664 874 1838 942 celebrari
1855 875 2026 948 carmine.
2078 878 2325 975 (Bp.1.)ss.

295 975 457 1050 encomia
473 975 657 1046 Pieridum
674 978 845 1061 cultores,
872 1002 913 1047 ac
934 989 1085 1069 possunt
1107 977 1279 1067 praebere
1331 977 1469 1069 pientes
1492 990 1629 1044 norunt
1651 989 1798 1045 ventum
1823 975 1945 1045 triduo
1997 991 2053 1049 ost
2073 983 2215 1061 venire3
2256 1006 2324 1053 nec

296 1078 454 1151 earmina
488 1079 532 1147 de
563 1079 728 1169 gloriosis
758 1081 871 1151 factis.
938 1079 1031 1152 Nam
1054 1078 1093 1147 in
1115 1079 1280 1149 miranda
1332 1079 1424 1149 lucri
1439 1077 1634 1168 cupiditate
1649 1079 1794 1148 solvunt
1817 1078 1961 1164 navim,
1995 1104 2071 1150 non
2095 1083 2323 1155 considerato

296 1177 462 1277 Pythone
479 1181 578 1272 pugil
591 1180 677 1251 vicit
692 1180 844 1267 Callias,
869 1195 1002 1254 cestum
1020 1194 1144 1251 tenens
1159 1181 1282 1271 alliga·
1334 1192 1454 1252 vento.
1506 1177 1616 1250 Dives
1631 1192 1667 1248 et
1678 1203 1816 1271 pauper
1831 1180 1940 1250 simul
1958 1206 2073 1275 prope
2091 1181 2324 1277 sepulchrum

298 1298 374 1356 tum
391 1282 558 1354 manibus
574 1308 616 1353 ex
638 1308 678 1353 ea
700 1284 857 1367 familia,
893 1282 973 1378 (Ep.
988 1285 1043 1382 Ξ.)
1071 1306 1201 1354 canens
1214 1280 1283 1350 La·
1334 1278 1511 1353 habitant.

299 1401 407 1459 tonae
422 1385 539 1478 gnatis
553 1387 599 1455 ad
609 1385 803 1457 Castalium
820 1389 957 1457 iontem
973 1385 1113 1477 vesperi
1126 1387 1165 1454 in
1180 1395 1284 1455 coetu
1435 1382 1515 1475 Ego
1539 1382 1677 1476 Ulyssis
1704 1383 1917 1475 sapientiam
1949 1385 2113 1458 existimo
2146 1389 2325 1461 maiorem

302 1489 528 1570 Gratiarum
561 1500 597 1558 et
618 1489 716 1560 fulsit
736 1485 891 1560 Isthmus
911 1488 949 1558 in
971 1487 1151 1558 trieterico
1177 1485 1284 1558 sacri-
1336 1487 1468 1555 laetam
1512 1508 1587 1557 esse
1625 1485 1785 1556 carmine
1825 1487 2045 1572 Homerico,
2094 1514 2206 1584 quarn
2243 1494 2325 1565 luit.

170 1624 173 1628 ·
301 1592 382 1665 ficio
396 1591 611 1674 vicinorum,
637 1604 673 1661 et
684 1587 878 1663 honoravit
887 1591 1118 1683 Calliamper
1127 1587 1285 1680 Neptuni
1337 1591 1427 1682 (Str.
1443 1585 1498 1680 Ω.)
1515 1585 1609 1659 Inest
1623 1588 1718 1657 enim
1734 1589 1867 1682 species
1883 1591 2021 1662 volucri
2037 1593 2209 1683 ligmento
2224 1617 2325 1665 men-

300 1696 497 1789 templum,
523 1706 558 1763 et
573 1689 683 1764 herba
700 1694 814 1765 leonis
836 1719 917 1764 eum
939 1693 1112 1763 victorem
1135 1712 1285 1761 eorona-
1337 1690 1544 1774 deciorum,
1570 1712 1613 1760 ac
1626 1692 1801 1783 sapientia
1817 1693 1949 1785 decipit
1963 1696 2200 1768 sermonibus.
2237 1696 2326 1767 Vul-

301 1800 355 1869 vit
388 1799 454 1870 sub
484 1796 634 1895 uetustis
654 1797 836 1867 montibus
857 1793 1049 1867 Phliuntis.
1123 1794 1217 1889 (sar.
1232 1792 1286 1888 ll.)
1338 1818 1402 1886 gua
1424 1792 1519 1863 enim
1546 1789 1655 1864 habet
1677 1818 1817 1865 caecam
1843 1809 2014 1869 mentem.
2079 1798 2117 1869 si
2135 1799 2326 1881 veritatem

303 1900 395 1973 Sunt
422 1911 542 1971 autem
572 1898 668 1977 latae
697 1898 776 1969 viae
807 1900 953 1969 laudum
984 1898 1161 1989 Aeginae,
1202 1895 1285 1990 quia
1337 1896 1527 1979 sciremus,
1559 1919 1635 1965 non
1658 1910 1807 1989 propter
1828 1922 1929 1967 arma
1951 1899 2064 1970 iratus
2077 1900 2170 1971 Aiax
2191 1901 2327 1971 linisset

303 2002 479 2076 Aeacidae
497 2024 666 2092 magnum
682 2004 788 2073 decus
804 2002 837 2070 ei
856 2002 1071 2071 addiderunt
1094 1997 1287 2092 praeclaris
1338 1999 1376 2069 in
1398 1997 1617 2090 praecordiis
1633 1999 1745 2070 latum
1766 2024 1907 2086 ensem,
1940 2002 2003 2097 qui
2026 2015 2171 2096 excepto
2184 1999 2353 2073 Achille·

303 2104 416 2176 lactis.
449 2103 586 2175 Volitat
604 2127 668 2196 per
683 2116 815 2174 terram
833 2117 869 2174 et
884 2128 984 2174 snare
1001 2127 1134 2173 nomen
1149 2125 1288 2185 eorum,
1338 2100 1662 2194 praestsnl'nsimns
1685 2102 1779 2173 inter
1800 2107 1908 2175 duces
1934 2107 1980 2174 ad
1994 2103 2146 2176 Troiam
2171 2116 2224 2177 est
2243 2128 2329 2197 pro·

305 2222 342 2282 et
362 2207 528 2302 prosiluit
551 2232 663 2301 usque
686 2209 729 2276 ad
746 2202 962 2298 Aethiopas,
996 2220 1185 2300 postquam
1213 2226 1287 2272 non
1338 2208 1461 2275 fectus.

307 2325 361 2385 est
374 2328 535 2382 reversus
551 2309 742 2393 Memnon,
769 2311 898 2404 quibus
916 2310 1041 2379 incidit
1053 2332 1161 2400 grave
1176 2314 1288 2377 cetta-
1442 2305 1543 2400 (Ant.
1564 2305 1620 2398 Β.)
1660 2307 1731 2377 Sed
1763 2309 1890 2379 llurtus
1924 2307 2049 2379 mortis
2084 2310 2329 2381 communiter

305 2439 408 2498 men,
434 2440 514 2484 cum
525 2409 679 2484 Achilles
693 2416 909 2484 descendens
924 2437 966 2483 ex
983 2435 1103 2495 curru,
1123 2408 1288 2507 (Asso.)
1340 2409 1640 2493 omnisomnis,
1667 2414 1801 2482 cadunt
1818 2411 1953 2504 pariter
1971 2410 2146 2502 ignobiles
2160 2420 2197 2484 et
2218 2413 2326 2483 nobi-

305 2517 468 2587 Aurorae
484 2516 596 2587 lilium
613 2516 790 2585 interiecit
812 2511 911 2586 hasta
938 2515 1101 2585 terribili.
1158 2515 1208 2583 At
1229 2536 1288 2581 ve·
1339 2515 1407 2594 les;
1447 2512 1518 2583 illis
1540 2520 1659 2583 autem
1682 2510 1800 2586 honos
1820 2515 2010 2599 tribuitur,
2049 2539 2203 2610 quorum
2225 2514 2329 2587 Deus

234 2705 238 2709 ⁶
306 2632 399 2691 teres
415 2615 507 2689 hane
524 2620 634 2688 latam
657 2619 752 2687 viam
777 2617 1027 2709 ingrediuntur
1051 2617 1089 2685 in
1113 2616 1288 2684 laudatio·
1339 2616 1463 2686 laudes
1476 2627 1583 2706 auget
1598 2619 1751 2690 mortuis
1767 2619 1883 2691 sociis.
1935 2617 2044 2688 Venit
2058 2618 2152 2689 enirn
2165 2613 2329 2713 Pyrrhus

305 2722 432 2806 nibus,
459 2745 569 2816 quam
593 2733 629 2793 et
649 2745 714 2814 ego
735 2720 775 2790 in
798 2716 865 2791 hac
889 2720 1120 2791 meditatione
1146 2740 1289 2812 sequor.
1341 2720 1387 2788 ad
1409 2715 1586 2811 Delphos,
1628 2733 1663 2789 et
1693 2720 1783 2793 iacet
1807 2722 1845 2790 in
1867 2719 2008 2816 Pythiis
2035 2721 2191 2814 campis,
2229 2733 2329 2814 post·

212 2894 223 2912 ,
306 2825 479 2896 Praesens
505 2847 590 2894 cura
614 2824 768 2896 maxime
793 2824 971 2894 excruciat
994 2823 1167 2893 animum.
1219 2820 1289 2890 Sed
1341 2846 1449 2917 quarn
1483 2823 1611 2892 evertit
1633 2820 1754 2895 Ilium:
1796 2825 1858 2894 uhi
1879 2837 1914 2894 et
1939 2825 1999 2892 alii
2025 2824 2155 2895 Graeci
2174 2847 2328 2915 magnos

306 2926 450 3011 hunus,
474 2925 537 3020 qui
551 2926 708 2998 volvitur
724 2930 769 2997 ad
785 2928 887 2998 navis
910 2931 1060 3019 pedem,
1085 2932 1125 2997 ul
1148 2923 1290 3006 dicitur,
1340 2925 1481 2995 labores
1503 2925 1673 2998 tulerunt.
1732 2922 1891 3020 Pyrrhus
1905 2946 2006 3003 ‚vero
2037 2926 2220 2997 discedens
2249 2946 2331 2996 non

307 3028 463 3101 maxime
475 3029 598 3098 turbat
612 3029 785 3101 animuin.
836 3028 913 3119 Ego
941 3042 1060 3098 autem
1084 3025 1289 3097 voluntario
1340 3029 1449 3098 rediit
1462 3028 1500 3096 in
1516 3027 1686 3121 Scyrum,
1711 3033 1772 3099 sed
1789 3029 1887 3099 venit
1903 3027 1941 3096 in
1954 3022 2147 3122 Ephyren,
2172 3027 2256 3120 (Bp.
2269 3027 2330 3123 2.)

307 3134 416 3203 dorso
441 3130 584 3200 subiens
608 3130 791 3220 geminum
817 3154 927 3214 onus,
961 3132 1043 3200 veni
1065 3142 1215 3222 praeeo,
1255 3139 1291 3197 et
1343 3143 1378 3200 et
1392 3131 1616 3225 aliquamdiu
1629 3130 1850 3205 inhlolossia
1867 3133 2049 3222 regnavit,
2083 3143 2120 3201 et
2134 3130 2331 3224 posteritas

303 3230 379 3303 hoc
395 3230 561 3324 quintum
574 3232 680 3302 decus
697 3257 803 3324 supra
823 3233 950 3323 viginti
977 3231 1059 3326 (sp.
1075 3233 1127 3329 d.)
1152 3248 1195 3301 ex
1217 3243 1291 3300 c'e'r-
1342 3233 1755 3338 eipsretinuilrtgnulns
1801 3233 1879 3327 lpse
1894 3252 1982 3304 vero
2003 3236 2049 3303 ad
2063 3230 2225 3326 Delphos
2242 3257 2329 3326 pro-

310 3331 503 3403 taminibua
526 3355 658 3416 narro,
699 3358 791 3428 quae
814 3334 1005 3403 nominant
1031 3356 1152 3416 sacra,
1193 3336 1289 3423 quod
1342 3337 1453 3409 iectus
1467 3350 1536 3420 est,
1561 3360 1605 3406 es
1620 3336 1733 3410 Troia
1750 3334 1931 3409 advehens
1951 3337 2084 3428 spolia:
2116 3335 2237 3409 obiit
2259 3352 2329 3428 pu·

127 3494 131 3509 .
310 3433 504 3506 Alcimidas
517 3434 618 3506 addit
630 3434 765 3531 inclyto
779 3437 914 3528 generi.
965 3436 1051 3508 Sors
1065 3444 1184 3506 autem
1204 3437 1291 3505 dna·
1342 3460 1410 3531 gna
1429 3438 1591 3510 sacrificii
1607 3440 1664 3510 vir
1678 3440 1824 3536 quidam
1842 3441 1962 3533 gladio
1977 3434 2121 3528 impulit
2140 3460 2331 3510 oecurren-

186 3628 190 3634 .
311 3537 377 3609 bus
391 3537 534 3610 coronis
548 3538 745 3633 Olympieis
764 3541 860 3632 apud
875 3537 969 3610 lovis
988 3539 1108 3609 lucum
1132 3560 1198 3608 nos
1217 3537 1292 3629 pti·
1343 3555 1427 3613 tem.
1493 3542 1585 3634 (Str.
1606 3543 1661 3638 d.)
1692 3541 1824 3636 Delphi
1845 3555 1966 3614 antem
1989 3538 2148 3634 hospites
2169 3540 2329 3635 graviter

309 3639 424 3721 vavit3
471 3634 652 3713 Melesiam
688 3665 773 3713 vero
805 3642 958 3713 similem
993 3638 1163 3734 delphino
1198 3641 1292 3725 dico,
1344 3645 1523 3725 tulerunta
1546 3647 1610 3715 sed
1629 3646 1743 3717 lulum
1766 3643 1835 3718 hoe
1859 3649 1892 3715 ei
1916 3648 2074 3716 dederat.
2098 3716 2101 3721 ,
2126 3643 2329 3738 oportebat

308 3744 400 3816 saltu
415 3756 450 3814 et
461 3768 633 3818 manuum
648 3744 780 3816 robore
796 3745 1032 3837 aurigantem.
1344 3747 1439 3817 enim
1454 3770 1575 3838 regem
1593 3772 1636 3818 ex
1648 3747 1812 3821 Aeneidis
1839 3749 1877 3816 in
1900 3748 2034 3840 templo
2048 3743 2225 3840 Delphico
2241 3754 2328 3816 'esse

1344 3849 1601 3942 speculatorem
1624 3851 1662 3919 in
1683 3853 1826 3945 pompis
1846 3850 2116 3921 saerihtlorsttm
2180 3844 2238 3925 fl
2262 3848 2330 3919 ho·

696 3949 789 4033 (lde
807 3949 907 4035 Vll,
1344 3976 1429 4021 nam
1452 3975 1593 4023 causam
1619 3954 1686 4023 tria
1707 3958 1814 4027 verba
1843 3948 2041 4037 sulliciunt,
2079 3976 2146 4023 nec
2174 3953 2329 4022 mendax

1345 4056 1441 4125 testis
1456 4055 1635 4146 praesidet
1649 4059 1812 4150 negotiis
1869 4055 2021 4126 Dissuta
2036 4067 2091 4127 est
2102 4050 2192 4124 mihi
2208 4054 2329 4123 disere

1344 4159 1438 4227 viam
1454 4158 1627 4230 virtutum
1642 4160 1799 4231 liliorum
1817 4170 1983 4241 tuorum,
2016 4183 2039 4229 o
2058 4156 2192 4248 Aegina
2217 4167 2253 4225 et
2266 4151 2328 4224 lu-

413 4240 504 4335 (Str.
523 4242 574 4338 1.)
600 4243 696 4315 Aodi
717 4240 872 4329 bucina,
905 4244 1067 4316 ministra
1081 4245 1293 4333 Persarum,
1343 4260 1455 4354 past,
1481 4261 1582 4356 (m,
1596 4262 1650 4360 a)
1677 4287 1769 4358 qnae
1787 4262 1976 4354 mendene
1994 4276 2039 4331 ,ι
2061 4261 2170 4329 domo
2191 4268 2328 4329 varra,

308 4340 456 4417 lunonis
471 4344 562 4428 lilia,
585 4348 741 4437 genitrix
754 4370 967 4440 puerorum:
1000 4349 1076 4420 aine
1098 4362 1133 4419 te
1154 4364 1221 4420 nec
1238 4351 1292 4421 ht·
1342 4363 1412 4434 sed
1430 4366 1573 4459 requie,
1588 4363 1626 4432 i„
1648 4365 1748 4435 omni
1767 4366 1891 4434 labore
1913 4364 2026 4436 dulci,
2049 4362 2118 4448 ut,
2150 4372 2190 4432 st
2210 4358 2329 4432 mettis

310 4467 407 4531 cem,
431 4470 498 4519 net
519 4462 680 4534 noctem.
704 4474 771 4520 net
786 4449 912 4520 Heben
933 4463 1032 4520 luam
1056 4462 1216 4523 ῦθῐῠῑὲϋῑ
1237 4452 1292 4520 il·
1343 4467 1534 4536 ethorum
1558 4464 1707 4540 Veneris
1737 4469 1882 4539 satietas
1910 4480 1973 4540 est.
2038 4464 2178 4539 Natura
2202 4477 2326 4535 autem

310 4548 444 4621 Almus·
493 4550 577 4622 Noli
598 4575 724 4625 omne·
745 4552 854 4624 slmffi
870 4556 979 4623 modo
996 4553 1166 4635 Vlvifflmt
1192 4554 1291 4625 filimi
1341 4547 1470 4660 sihguli
1486 4567 1703 4653 differimus,
1727 4568 2048 4640 naetialiusaliam
2065 4569 2190 4640 vitam.
2228 4560 2352 4637 Ean-⁸

582 4099 742 4189 Soqeni
773 4078 1021 4194 lentunen).

152 4651 168 4708 '-
309 4646 431 4742 iugum
456 4652 546 4724 alios
573 4667 716 4746 separat
737 4679 757 4724 a
779 4655 1009 4726 heatitudine.
1075 4654 1144 4725 Sed
1172 4668 1288 4726 teenm
1341 4672 1421 4741 dem
1449 4693 1523 4737 rem
1551 4670 1701 4761 adipisci
1723 4694 1846 4743 omnes
1871 4670 2091 4763 impossihile
2121 4686 2215 4775 osu-,j
2251 4667 2328 4741 Nec

308 4749 647 4840 hlius'l'bea'riouis,
673 4757 804 4828 virtute
826 4758 1015 4840 excellens,
1041 4745 1216 4846 gloriosus
1232 4780 1290 4827 es·
1340 4797 1484 4864 t>⁰³⁸1¹¹¹¹
1510 4771 1645 4856 (ficere,
1683 4775 1741 4846 cup
1763 4777 1893 4866 adepto
1915 4786 2028 4844 totam
2053 4775 2119 4845 lm
2139 4762 2181 4794 ·.-·
2220 4756 2234 4789 ·=
2254 4794 2327 4855 em,

308 4853 409 4924 nitur
423 4856 518 4926 inter
533 4856 695 4931 victores.
754 4857 855 4953 (Ast.
874 4861 925 4954 l.)
951 4859 1097 4928 Habitat
1111 4860 1207 4928 enim
1229 4882 1289 4930 ur·
1339 4877 1452 4947 fatum
1470 4875 1677 4965 praebueris
1690 4879 1853 4949 ,rabilem
1871 4878 1991 4948 finem,
2050 4875 2137 4947 Tibi
2157 4848 2220 4946 δή
2240 4898 2328 4944 ωῃ.

306 4954 390 5027 b‘ffl
408 4956 666 5045 Aeflssidarums
691 4974 870 5032 amantem
895 4961 1116 5044 fflffltlffllms
1141 4962 1204 5056 qul
1226 4987 1289 5031 νῦ·
1339 4977 1538 5048 venientem
1571 4977 1795 5062 felicitatem,
1837 4978 1917 5073 (ns.
1934 4979 1987 5071 8.)
2018 4992 2054 5049 et
2073 4978 2326 5069 suscipientem

308 5057 389 5127 lunt
402 5082 523 5152 regere
537 5062 698 5135 animum
719 5065 957 5156 experientem
983 5062 1190 5136 certamina·
1251 5065 1288 5135 Si
1339 5079 1524 5150 audaciam
1549 5104 1623 5149 non
1646 5082 1805 5152 destituit
1827 5083 2029 5172 prudentia.
2089 5080 2166 5172 Ego
2192 5074 2327 5171 hospes

1338 5205 1440 5265 sum,
1476 5203 1550 5248 non
1580 5183 1704 5255 adfero
1712 5184 1760 5282 ¹¹)
1790 5180 2123 5276 reprehensionem:
2165 5180 2325 5252 laudabo

236 5338 239 5343 .
346 5294 395 5355 ll)
413 5296 463 5347 llis
480 5298 653 5357 contutans.
683 5298 779 5363 qulbns
796 5299 863 5348 baso
881 5298 940 5351 ode
957 5296 984 5346 lu
1002 5297 1087 5351 stlat.
1102 5299 1193 5365 tm,
1212 5301 1287 5351 lbos.
1344 5356 1370 5365 ..
1385 5355 1434 5365 ...„
1451 5354 1540 5363 ,Μ

378 5368 423 5416 est
440 5366 592 5431 iuscripta.
621 5366 651 5416 tn
674 5368 812 5430 omnibns,
843 5378 911 5428 quas
928 5366 1044 5429 contult,
1075 5368 1160 5422 utet.
1177 5369 1289 5419 Ptntsrt

375 5434 487 5486 adsitas
504 5440 569 5486 sont
585 5437 638 5485 nse
654 5446 758 5484 rores:
779 5429 858 5485 aaut
876 5429 1040 5504 πεντάθλῳ,
1058 5439 1288 5500 qnssmssus
1372 5441 1420 5510 tt)
1438 5452 1492 5493 nor
1521 5437 1630 5508 και-ο]
1661 5438 1703 5491 sto
1725 5440 1776 5490 st.
1804 5439 1902 5503 lma
1935 5440 1987 5494 ns.
2012 5440 2090 5498 teto.
2119 5452 2175 5493 noa
2208 5416 2330 5505 sahm

377 5504 476 5555 vemt:
498 5516 590 5568 mro
606 5504 832 5569 qssaqmuoas.
1403 5509 1532 5564 mersu
1547 5510 1682 5574 snum:
1705 5507 1804 5573 nour
1821 5518 1954 5565 norm
1971 5530 2005 5558 =
2022 5509 2101 5566 ens.
2118 5503 2241 5577 surg-r.
