4778 6240
75 164 153 237 dl*
455 158 642 233 Lxxvffl.
691 152 982 231 Emcmo
1013 154 1396 232 antemuranum
1426 150 1730 230 t'flltoutttutu
2064 157 2115 234 02

76 331 273 413 autentim
287 330 426 426 aliquas
447 330 601 425 legebat.
658 328 826 403 Ostendit
847 343 885 401 et
904 330 994 401 bene
1017 326 1071 399 lo-
1121 341 1196 400 tam
1211 342 1367 400 extreme
1389 330 1525 400 malurn
1549 327 1612 400 sit:
1647 338 1684 398 et
1703 323 1803 397 nulla
1826 334 1879 396 est
1900 324 2003 416 peior
2027 352 2111 401 con·

77 435 267 533 quentium
281 435 522 519 consuetudo,
550 432 673 504 ornari
689 432 891 503 orationem
917 443 999 525 apte
1016 430 1072 500 in·
1121 431 1260 504 stitutio
1276 431 1315 501 in
1332 432 1451 517 coelo,
1484 455 1576 526 quae
1600 425 1732 501 habeat
1747 427 1869 520 plures
1884 427 2110 503 confusiones

77 540 183 611 sertis
196 535 396 619 sententiis,
422 536 507 630 quia
522 548 606 608 sunt
624 549 920 628 argumentorum
941 536 1071 618 fontes,
1122 557 1231 630 quam
1246 532 1353 607 huius
1366 533 1539 626 temporis
1561 533 1734 625 trigonus.
1784 527 1923 601 Videtis
1946 554 2021 602 esse
2042 533 2112 603 tale

77 666 161 712 cum
180 638 323 731 negotia
346 638 559 734 plerumque
582 639 745 710 doctrina
776 638 948 709 virtutum
977 635 1070 707 iudi·
1121 650 1281 730 tempus,
1306 660 1382 708 non
1398 650 1481 710 sunt
1503 636 1574 706 iam
1597 636 1709 719 bella,
1741 632 1805 705 ubi
1825 631 2036 709 fortitudine
2057 635 2111 705 ‹ti-
2169 640 2175 647 '

78 745 192 814 canda
207 752 243 810 et
255 740 467 811 illustranda
486 740 569 811 sint.
1120 739 1290 824 miretur,
1316 743 1377 811 sed
1393 741 1570 810 mavortia
1588 750 1622 809 et
1636 736 1797 820 lunaria,
1821 734 1885 806 ubi
1898 746 2038 807 tantum
2055 749 2112 807 tu·

179 842 336 938 Quando
354 853 438 913 sunt
460 855 595 913 aetates
617 840 757 910 deditae
780 839 845 910 uni
867 839 975 910 alicui
997 851 1070 911 stu·
1120 843 1254 915 multus
1271 834 1461 927 excitetur,
1487 855 1522 912 ct
1545 842 1620 913 sine
1644 839 1779 911 viribus
1800 851 1933 909 tamen.
1984 837 2112 908 llomi-

77 946 159 1032 dis),
197 944 358 1017 eiusdem
389 944 529 1036 generis
558 942 688 1034 scripta
719 941 833 1011 multa
862 954 1071 1016 nascuntur.
1120 967 1182 1016 nes
1198 958 1281 1016 sunt
1300 947 1409 1037 proni
1429 947 1476 1016 ad
1498 945 1789 1016 tumultuandum
1817 955 1854 1012 et
1874 952 1956 1032 post
1976 941 2108 1011 factam

76 1046 190 1120 Vetus
230 1059 329 1118 aetas
360 1044 552 1116 Homerica
585 1040 712 1115 habuit
743 1056 866 1135 poetas
898 1039 1069 1127 ethnicos,
1119 1048 1360 1118 turbationem
1377 1061 1500 1141 postea
1515 1048 1702 1131 desinunt,
1727 1055 1956 1115 revertuntur
1977 1042 2109 1114 iterum

76 1151 296 1242 scripserunt
309 1171 383 1218 uno
397 1171 526 1239 genere
540 1147 737 1217 carminum
754 1141 913 1217 heroico.
938 1146 1067 1216 Postea
1119 1151 1166 1219 ad
1180 1174 1262 1223 suas
1278 1152 1563 1242 compotationes
1581 1163 1616 1220 et
1629 1149 1758 1220 deinde
1772 1150 1818 1219 ad
1835 1169 2020 1219 somnum:
2046 1144 2110 1213 vi-

78 1253 172 1321 circa
197 1261 360 1341 tempora
382 1248 525 1321 Solonis
545 1251 692 1319 luerunt
712 1247 889 1332 morales,
922 1260 958 1316 et
984 1247 1069 1317 scri·
1117 1276 1239 1346 noque
1253 1253 1371 1324 iacent
1384 1277 1583 1348 somnoque
1601 1250 1783 1346 repulsit).
1833 1248 1940 1323 Nulla
1956 1248 2110 1339 amplius

75 1362 228 1445 pserunt
242 1349 435 1423 sententias
449 1352 621 1434 morales,
649 1360 687 1420 ut
700 1345 914 1443 Phocylides
929 1361 965 1418 et
972 1345 1068 1418 Tha-
1118 1367 1229 1424 restat
1242 1357 1417 1446 gravitas,
1443 1357 1541 1426 nulla
1559 1353 1753 1449 sapientia,
1781 1355 1842 1427 sed
1865 1350 1986 1420 omnia
2005 1351 2108 1420 luna-

75 1456 128 1526 les
150 1452 330 1538 Milesius,
363 1475 582 1548 quamquam
605 1446 794 1522 Thaletem
817 1451 943 1522 dicunt
962 1450 1068 1522 fuisse
1118 1457 1172 1524 ria
1190 1468 1226 1525 et
1241 1451 1483 1549 phantastica,
1508 1457 1578 1529 nisi
1600 1454 1807 1552 quodDeus
1827 1468 1946 1526 servat
1968 1452 2109 1545 aliquos

75 1554 254 1648 hospitem
271 1554 341 1639 ibi,
364 1578 442 1625 non
453 1568 580 1627 natum
595 1553 730 1637 Mileti,
755 1555 817 1624 sed
830 1554 937 1627 fuisse
951 1548 1068 1623 Phoe·
1118 1557 1156 1625 in
1171 1558 1349 1643 Ecclesia,
1374 1584 1419 1628 ne
1432 1561 1539 1651 plane
1554 1560 1782 1649 extinguatur
1795 1557 1938 1626 veritas.
1976 1555 2106 1624 Postea

74 1658 213 1753 nicena,
239 1656 337 1749 quod
357 1669 411 1729 est
432 1654 523 1728 mihi
538 1657 645 1731 valde
667 1655 848 1729 credibile.
897 1653 952 1725 Ex
966 1653 1067 1748 'l'yro
1118 1661 1271 1730 multum
1293 1674 1345 1733 est
1370 1662 1619 1732 confusionum
1646 1661 1684 1729 in
1706 1658 1936 1741 libidinibus,
1971 1657 2009 1725 in
2034 1651 2108 1723 hel-

75 1772 113 1830 et
126 1755 289 1853 Aegypto
305 1759 424 1830 attulit
438 1760 624 1831 scientiam
636 1760 683 1829 ad
702 1757 982 1841 astronomiam,
1009 1780 1068 1827 cu·
1118 1763 1336 1835 luationibus
1351 1777 1388 1834 et
1401 1764 1752 1857 ingurgitationibus.

75 1862 132 1934 ius
153 1862 278 1932 dicunt
297 1859 456 1954 primurn
477 1874 757 1955 propagatorem
779 1860 898 1932 luisse.
956 1859 1067 1931 Solon
1220 1863 1356 1938 Dicunt
1368 1863 1590 1959 Theognidis
1607 1879 1643 1936 et
1657 1862 1863 1959 Phocylidis
1877 1846 2010 1952 scripta
2031 1881 2109 1928 non

76 1965 122 2034 de
136 1966 212 2036 eins
234 1962 384 2035 consilio
407 1964 591 2035 ordinavit
611 1970 751 2035 menses
774 1974 809 2033 et
829 1986 944 2034 annos
957 1958 1067 2033 Athe-
1119 1989 1193 2037 esse
1207 1967 1389 2059 ipsorum,
1419 1971 1481 2040 sed
1496 1994 1571 2041 esse
1586 1969 1734 2063 antiqua
1752 1965 1933 2048 earmina,
1965 1972 2105 2033 mutum

75 2065 152 2150 nis,
184 2078 221 2135 et
241 2060 424 2157 Theognis
443 2067 513 2138 luit
533 2066 573 2136 in
594 2065 736 2151 Sicilia,
773 2065 885 2139 Solon
903 2059 1067 2149 Athenis,
1119 2070 1264 2141 collecta
1280 2073 1324 2141 ab
1341 2071 1446 2165 ipsis,
1473 2074 1571 2166 quod
1587 2084 1639 2143 est
1652 2069 1742 2141 mihi
1758 2071 1861 2142 valde
1877 2064 2058 2137 credibile.

77 2162 339 2262 etPhocylides
353 2167 482 2241 Mileti.
531 2168 758 2263 scripserunt
779 2168 939 2240 eiusdem
962 2190 1067 2259 argu-
1218 2172 1353 2247 Omnes
1366 2173 1516 2247 virtutes
1532 2176 1663 2246 debent
1675 2173 1802 2244 referri
1816 2173 1862 2243 ad
1877 2168 2110 2258 Decologum,

37 2330 40 2335 .
76 2270 190 2341 menti
213 2270 417 2341 sententias.
476 2270 565 2340 Post
594 2264 776 2343 bossunt
806 2269 918 2338 secuti
951 2269 1066 2359 lyrici,
1119 2286 1154 2342 et
1176 2275 1267 2345 sicut
1289 2290 1512 2349 monstratur
1531 2278 1635 2349 vobis
1655 2279 1699 2347 de
1721 2273 1906 2349 sententiis
1927 2270 1967 2342 iu
1988 2267 2109 2341 'l'heo-

77 2384 174 2443 aetas
193 2372 327 2463 lyrica,
359 2382 401 2438 ut
417 2368 616 2450 Pindarus,
638 2363 892 2459 Bacchylides,
918 2364 1068 2436 Alcaeus
1118 2373 1241 2462 gnide:
1267 2378 1317 2447 sic
1333 2378 1582 2468 imaginamini
1598 2379 1699 2451 vobis
1715 2381 1759 2450 de
1775 2376 1899 2449 officiis
1913 2373 2109 2454 Ciceronis,

74 2470 234 2543 etmulti
247 2468 321 2539 ulii.
362 2468 491 2538 Postea
506 2480 591 2538 sunt
606 2468 749 2562 sequuti
765 2466 994 2539 circulatores
1009 2465 1068 2537 isti
1119 2475 1163 2542 de
1175 2469 1301 2545 Ethica
1319 2477 1519 2552 Aristotelis
1535 2495 1570 2550 et
1587 2484 1631 2551 de
1644 2478 1903 2553 honestissimis
1925 2474 2110 2547 sententiis

76 2597 160 2644 cum
182 2567 378 2641 comoediis
401 2581 437 2639 et
459 2569 666 2660 tragoediis.
729 2565 794 2637 llla
822 2581 919 2640 aetas
941 2565 1069 2639 habuit
1119 2575 1157 2643 in
1177 2576 1313 2668 legibus
1335 2579 1497 2670 publicis.
1561 2582 1697 2652 Totum
1720 2582 1860 2672 Corpus
1882 2577 1970 2649 iuris
1993 2575 2107 2646 civilis

76 2673 192 2745 multa
205 2671 427 2764 spectacula,
450 2670 543 2742 sicut
556 2693 653 2741 nunc
672 2682 798 2743 nostra
823 2683 922 2743 aetas
944 2670 1068 2742 scribit
1119 2677 1246 2749 ordine
1270 2680 1445 2772 praecipit
1468 2683 1512 2751 de
1534 2687 1710 2754 secundae
1732 2683 1874 2752 tabulae
1896 2676 2108 2770 praeceptis,

75 2774 271 2847 maledicos
291 2770 416 2845 libross·
476 2770 637 2867 Videtis,
674 2794 783 2866 quam
816 2774 863 2844 sit
890 2773 1066 2845 foecunda
1118 2803 1230 2872 pauca
1250 2782 1295 2852 de
1319 2783 1437 2874 prima
1461 2784 1601 2855 tabula:
1636 2797 1678 2855 ut
1696 2786 1741 2855 de
1760 2794 1890 2877 quarto
1904 2793 2109 2874 praecepto,

75 2875 166 2948 haec
189 2887 298 2947 aetas.
355 2873 498 2945 Solonis
523 2885 621 2946 aetas
643 2873 785 2945 videtur
804 2872 947 2947 lorialis
970 2887 1067 2947 aetas
1119 2907 1210 2975 quae
1231 2884 1346 2957 officia
1368 2898 1534 2977 parentes
1557 2889 1711 2957 debeant
1732 2886 1846 2968 uatis,
1886 2896 2022 2954 tutores
2044 2905 2109 2973 pu.

76 2978 203 3064 tuisse,
233 2978 380 3049 luerunt
397 2971 568 3070 νομικοὶ,
600 2977 796 3048 admodum
815 2977 968 3049 libenter
989 3001 1067 3050 sen·
1119 2985 1212 3076 pillis
1229 2999 1264 3057 et
1276 2997 1436 3059 econtra.
1485 2985 1527 3057 ln
1544 2989 1672 3083 quinto
1685 2998 1877 3081 praecepto
1891 2985 1936 3057 de
1952 2988 2058 3055 caede
2073 2998 2111 3055 et

75 3081 208 3152 tentiae
220 3080 374 3151 morales
387 3076 616 3171 scripserunt.
666 3077 756 3150 Item
776 3091 1069 3151 restauraverunt
1118 3087 1244 3178 poenis
1274 3086 1550 3163 homicidarum,
1614 3089 1656 3161 ln
1680 3103 1779 3163 ,exto
1801 3091 1845 3159 de
1876 3087 2044 3179 coniugio
2076 3099 2111 3157 et

76 3182 314 3276 respublicas,
346 3180 525 3253 civitam:
554 3180 623 3251 full
646 3194 744 3253 telas
766 3180 999 3279 imtaurplrix
1012 3179 1067 3251 1⁰·
1119 3191 1245 3281 poenis
1262 3191 1466 3263 libidinum.
1516 3189 1558 3262 ln
1578 3205 1727 3278 octavo,
1758 3192 1816 3263 lex
1831 3187 1999 3261 Cornelia
2023 3213 2108 3259 cun·

76 3285 192 3358 vltlls·
242 3282 375 3358 ΜΝ
392 3277 915 3357 elNebemisstluerunletiam
930 3284 1068 3378 legiferi
1118 3292 1234 3363 stituit
1263 3317 1421 3388 poenam
1454 3294 1493 3365 in
1526 3295 1778 3380 adversarios,
1827 3291 1934 3385 punit
1970 3291 2108 3362 crimen

76 3387 269 3481 scriptores
282 3386 553 3459 sententiarum·
1119 3393 1258 3491 talsi’J,
1283 3410 1320 3467 et
1333 3397 1446 3471 multa
1461 3398 1532 3469 alia
1547 3399 1745 3470 mendacia.
1795 3394 1963 3488 Singulae
1987 3407 2108 3486 partes

178 3489 302 3584 Aliqui
319 3489 369 3559 ita
383 3491 602 3580 respondent
616 3486 662 3557 ed
676 3501 940 3581 argumentum.
980 3483 1067 3557 Eth-
1120 3499 1157 3565 in
1170 3498 1519 3591 totoCorporaiuais
1531 3501 1771 3594 pertinentad
1784 3497 1904 3592 aliqua
1919 3509 2108 3588 praecepta
2148 3552 2151 3557 .

75 3591 157 3661 nica
184 3592 313 3687 religio
341 3587 451 3663 habet
479 3587 746 3663 honestissimas
770 3590 981 3675 sententias,
1012 3613 1067 3660 re-
1119 3597 1300 3693 Decalogt,
1330 3600 1382 3673 lta
1398 3603 1495 3675 geist,
1508 3628 1582 3676 ωε
1595 3602 1808 3698 ,apientiam
1820 3598 1902 3671 nsi,

75 3696 276 3785 spondent,
308 3696 369 3765 sed
385 3706 547 3784 acceptas
562 3715 582 3761 a
599 3693 715 3767 nobis.
773 3690 821 3764 Et
841 3718 915 3764 non
937 3692 1067 3764 discer·
1219 3703 1297 3775 P„
1311 3729 1386 3776 „011
1399 3718 1539 3777 uatum
1554 3720 1608 3779 est
1620 3708 1716 3777 bom
1737 3715 1887 3798 propser
1906 3697 2107 3793 tranquilli.

72 3804 173 3865 nunt
182 3792 316 3884 Legem
327 3807 364 3864 et
378 3793 634 3886 Evangelium,
660 3809 696 3867 et
711 3796 867 3887 primam
886 3809 922 3866 et
944 3819 1067 3867 secun·
1118 3817 1246 3890 tatem,
1274 3811 1372 3903 quod
1385 3804 1550 3880 homine,
1568 3821 1718 3903 pomus
1739 3807 1860 3876 vivere
1882 3803 1920 3872 in
1942 3802 2108 3894 volupta-

76 3898 163 3967 dam
177 3895 350 3967 tabulam.
384 3893 448 3966 Est
462 3894 570 3985 igitur
584 3897 733 3965 obscura
750 3908 785 3966 et
798 3921 902 3968 coeca
921 3922 1067 3990 respon·
1118 3907 1231 3994 tibus,
1256 3912 1441 3983 sedetiam
1457 3914 1555 4007 quod
1569 3911 1678 3984 semel
1694 3909 1801 3981 motis
1816 3905 1976 3999 imperiis
1995 3916 2031 3974 et
2050 3926 2107 3973 re-

76 3996 144 4070 230·
192 3996 325 4068 P⁰Slffl
342 3996 556 4069 “nfirmffll
578 3995 802 4090 ”ssliqlfilalffi
859 3998 979 4070 Moses
1000 3999 1067 4069 full
1119 4010 1354 4104 buspublicis,
1380 4029 1503 4106 postea
1520 4016 1611 4086 liunt
1631 4012 1849 4086 vastationes
1870 4023 1905 4079 et
1927 4005 2106 4079 conlusio·
2171 4070 2180 4087 ,

77 4101 195 4171 multo
209 4099 395 4193 antiquior
409 4120 517 4193 quam
534 4098 731 4176 Homerum
756 4120 880 4169 verum
898 4113 969 4182 etl.
994 4099 1067 4169 ΗΟ·
1118 4137 1181 4185 nes
1204 4115 1443 4207 plurimarum
1464 4140 1606 4202 rerum,
1643 4118 1683 4186 lit
1707 4113 1929 4206 perturbatio
1951 4107 2107 4200 discipli·

77 4226 198 4274 mm
210 4201 280 4274 filil
294 4212 506 4272 ⁰⁰⁸0l³¹¹0¹1⁸
519 4198 667 4283 ΜΘ,
698 4223 773 4270 ¹1⁰ss
789 4202 942 4272 mullum
960 4202 1066 4273 deest·
1118 4240 1205 4299 nae,
1230 4218 1422 4308 negligitur
1435 4216 1589 4300 iustitia,
1612 4212 1777 4286 homines
1791 4216 1946 4284 induunt
1959 4211 2105 4285 affectus

77 4302 317 4399 retemptans
333 4316 369 4375 et
382 4301 566 4396 ingeniosa
582 4315 700 4386 aetas,
724 4301 816 4373 sicus
829 4317 952 4395 postea
971 4317 1067 4375 aetas
1117 4320 1294 4402 ferarum,
1333 4319 1426 4390 fiunt
1447 4317 1664 4390 vastationes
1695 4315 1875 4409 gotium,
1914 4313 2104 4405 religiones

77 4407 255 4481 bellatrix.
268 4412 278 4423 ¹
303 4400 459 4477 Achilles
478 4404 549 4476 fult
569 4417 784 4477 coaetaneus
798 4402 951 4491 Devidi,
976 4405 1067 4476 Her·
1117 4415 1385 4506 distrahuntur,
1405 4421 1626 4495 inducamur
1640 4421 1723 4492 odia
1736 4418 1931 4511 inlongam
1954 4418 2104 4509 posteri.

80 4510 176 4585 cules
196 4509 366 4582 Simsoni.
421 4506 464 4578 ln
485 4508 547 4576 illa
572 4506 663 4578 serie
687 4507 782 4579 locet
801 4508 1066 4581 mirabilissima
1118 4538 1247 4609 tatem,
1273 4548 1315 4594 a
1330 4547 1403 4594 uno
1422 4524 1548 4595 muln,
1599 4520 1836 4619 hammes),

79 4613 254 4707 sapientia
276 4610 364 4696 Dei,
403 4634 496 4705 quae
523 4608 738 4681 mirabiliter
757 4611 939 4683 ordinavit
962 4636 1066 4683 mun-
1267 4640 1335 4694 m
1348 4641 1450 4697 ..aas
1466 4640 1561 4695 assu.
1576 4641 1694 4695 ..mm
1709 4634 1833 4696 sm,

81 4716 186 4801 dum,
210 4728 246 4787 et
261 4738 384 4788 eurus
397 4713 563 4784 coelestes
578 4711 791 4782 mansuri..
811 4726 1066 4806 conruerunt·
1217 4728 1374 4824 omnes
1403 4729 1519 4801 avus.
1552 4730 1644 4801 ussi.
1676 4729 1895 4811 excitantur,
1932 4725 2105 4821 ingruunt

79 4816 253 4890 Homines
281 4815 432 4889 studiosi
463 4815 530 4887 ista
562 4814 694 4885 debent
726 4815 896 4887 iudicare.
952 4815 1066 4886 Valde
1116 4854 1266 4923 magnae
1280 4830 1509 4918 mmmm,
1533 4829 1597 4916 iga,
1617 4844 1657 4903 ur
1671 4856 1716 4904 ,η
1732 4832 1839 4923 [οΨ
1855 4828 1999 4924 quidem
2015 4839 2105 4899 sem.

78 4921 192 4993 multa
223 4933 373 5015 possunt
400 4916 554 4989 iudicari
572 4941 615 4987 ex
638 4929 842 5008 temporum
862 4917 1065 4991 collatione.

74 5018 150 5094 lsta
166 5037 348 5115 postrema
364 5032 462 5092 aetas
476 5019 612 5110 regitur
626 5041 645 5088 a
660 5018 804 5110 trigono
817 5016 954 5091 Lunae.
1003 5017 1067 5090 Est
1148 5049 1183 5107 ο)
1200 5046 1282 5113 virg.
1297 5045 1428 5111 som,
1446 5045 1507 5099 ass.
1621 5050 1624 5057 ·

73 5123 192 5196 miser
205 5138 241 5194 et
253 5135 453 5196 contemtus
468 5122 641 5213 trigonus.
692 5116 790 5192 lstud
804 5135 945 5214 tempus
959 5114 1069 5192 habet
1150 5131 1181 5197 s)
1199 5133 1241 5182 ne
1258 5132 1309 5182 aas
1324 5133 1387 5195 rege
1402 5129 1534 5183 correns
1550 5130 1586 5182 se
1600 5127 1707 5196 tenu,
1724 5141 1793 5193 quse
1811 5128 1892 5181 estas
1908 5129 2102 5183 renumera-

1184 5201 1235 5252 rto
1251 5205 1383 5264 vocetur,
1409 5199 1482 5250 cont.
1498 5197 1589 5251 losttt.
1607 5198 1656 5263 lv,
1675 5200 1720 5261 18,
1735 5199 1760 5253 7.
1782 5203 1812 5250 st
1831 5198 1930 5250 Orstttt
1951 5202 1980 5249 et
1996 5191 2101 5247 Baitsrl
2250 5189 2261 5215 ‘

76 5224 306 5315 confusiones
337 5248 380 5301 ex
411 5223 666 5297 commixtione
696 5222 842 5306 Martis,
882 5222 1007 5325 Lunae
1034 5236 1067 5292 et
1185 5267 1327 5319 onomr.
1345 5266 1463 5319 mm·
1487 5264 1516 5317 1³.
1531 5264 1574 5315 „g
1594 5278 1618 5327 ,-
1633 5264 1692 5316 m

72 5327 250 5413 Veneris,
274 5340 310 5399 et
327 5322 459 5420 lupiter
484 5327 607 5423 aliquo
629 5326 741 5396 modo
769 5324 998 5409 intercurrit,
1024 5347 1069 5393 ne
1153 5350 1200 5417 ω)
1218 5352 1322 5402 mm
1338 5349 1493 5404 essenti
1518 5347 1563 5401 ss
