<?xml version="1.0" encoding="UTF-8"?>
<!DOCTYPE html PUBLIC "-//W3C//DTD XHTML 1.0 Transitional//EN"
    "http://www.w3.org/TR/xhtml1/DTD/xhtml1-transitional.dtd">
<html xmlns="http://www.w3.org/1999/xhtml" xml:lang="en" lang="en">
 <head>
  <title>
</title>
<meta http-equiv="Content-Type" content="text/html;charset=utf-8" />
  <meta name='ocr-system' content='tesseract 3.04.00' />
  <meta name='ocr-capabilities' content='ocr_page ocr_carea ocr_par ocr_line ocrx_word'/>
</head>
<body>
  <div class='ocr_page' id='page_1' title='image "./philippimelanth14melagoog_0241.png"; bbox 0 0 4778 6240; ppageno 0'>
   <div class='ocr_carea' id='block_1_1' title="bbox 176 277 2200 392">
    <p class='ocr_par' dir='ltr' id='par_1_1' title="bbox 176 277 2200 392">
     <span class='ocr_line' id='line_1_1' title="bbox 176 277 2200 392; baseline 0 -3"><span class='ocrx_word' id='word_1_1' title='bbox 176 312 253 389; x_wconf 73' lang='lat' dir='ltr'><strong>ess</strong></span> <span class='ocrx_word' id='word_1_2' title='bbox 425 277 427 282; x_wconf 76' lang='grc'><strong>’</strong></span> <span class='ocrx_word' id='word_1_3' title='bbox 672 307 857 382; x_wconf 75' lang='lat' dir='ltr'><strong>cxmtx.</strong></span> <span class='ocrx_word' id='word_1_4' title='bbox 919 305 1202 382; x_wconf 70' lang='lat' dir='ltr'><strong>uulnerato</strong></span> <span class='ocrx_word' id='word_1_5' title='bbox 1235 311 1474 386; x_wconf 76' lang='lat' dir='ltr'><strong>nuuuoos</strong></span> <span class='ocrx_word' id='word_1_6' title='bbox 1506 309 1714 384; x_wconf 80' lang='lat' dir='ltr'><strong>uacua.</strong></span> <span class='ocrx_word' id='word_1_7' title='bbox 2124 314 2200 392; x_wconf 82' lang='lat'><strong>454</strong></span> 
     </span>
    </p>
   </div>
   <div class='ocr_carea' id='block_1_2' title="bbox 153 478 2202 1290">
    <p class='ocr_par' dir='ltr' id='par_1_2' title="bbox 153 478 2202 1290">
     <span class='ocr_line' id='line_1_2' title="bbox 166 478 2199 578; baseline -0.001 -22"><span class='ocrx_word' id='word_1_8' title='bbox 166 487 232 566; x_wconf 67' lang='lat' dir='ltr'><strong>⁴Ab</strong></span> <span class='ocrx_word' id='word_1_9' title='bbox 253 486 450 555; x_wconf 80' lang='lat' dir='ltr'>occasione.</span> <span class='ocrx_word' id='word_1_10' title='bbox 554 483 614 552; x_wconf 99' lang='grc' dir='ltr'><strong>νε.</strong></span> <span class='ocrx_word' id='word_1_11' title='bbox 635 483 721 553; x_wconf 98' lang='grc'><strong>647.</strong></span> <span class='ocrx_word' id='word_1_12' title='bbox 746 489 856 554; x_wconf 87' lang='lat' dir='ltr'><strong>dioiui</strong></span> <span class='ocrx_word' id='word_1_13' title='bbox 877 478 993 578; x_wconf 71' lang='lat' dir='ltr'><strong>siqua]</strong></span> <span class='ocrx_word' id='word_1_14' title='bbox 1020 485 1050 550; x_wconf 97' lang='lat' dir='ltr'><strong>A</strong></span> <span class='ocrx_word' id='word_1_15' title='bbox 1074 485 1163 552; x_wconf 88' lang='lat' dir='ltr'><strong>divi-</strong></span> <span class='ocrx_word' id='word_1_16' title='bbox 1213 481 1459 554; x_wconf 86' lang='lat' dir='ltr'><strong>Enthusiasmi</strong></span> <span class='ocrx_word' id='word_1_17' title='bbox 1476 484 1678 575; x_wconf 87' lang='lat' dir='ltr'><strong>descriptio.</strong></span> <span class='ocrx_word' id='word_1_18' title='bbox 1781 481 1841 551; x_wconf 88' lang='grc' dir='ltr'><strong>νε.</strong></span> <span class='ocrx_word' id='word_1_19' title='bbox 1858 478 1918 551; x_wconf 90' lang='grc'><strong>56.</strong></span> <span class='ocrx_word' id='word_1_20' title='bbox 1946 484 2093 564; x_wconf 78' lang='lat' dir='ltr'><strong><em>Phoebe,</em></strong></span> <span class='ocrx_word' id='word_1_21' title='bbox 2116 510 2199 572; x_wconf 76' lang='lat' dir='ltr'><strong>pra-</strong></span> 
     </span>
     <span class='ocr_line' id='line_1_3' title="bbox 175 582 2201 682; baseline -0.003 -25"><span class='ocrx_word' id='word_1_22' title='bbox 175 591 301 658; x_wconf 90' lang='lat' dir='ltr'><strong>nitate.</strong></span> <span class='ocrx_word' id='word_1_23' title='bbox 411 587 471 655; x_wconf 85' lang='lat' dir='ltr'><strong>Vs.</strong></span> <span class='ocrx_word' id='word_1_24' title='bbox 487 583 572 655; x_wconf 85' lang='lat'><strong>657.</strong></span> <span class='ocrx_word' id='word_1_25' title='bbox 607 591 689 656; x_wconf 82' lang='lat' dir='ltr'><strong>Cum</strong></span> <span class='ocrx_word' id='word_1_26' title='bbox 704 589 877 676; x_wconf 72' lang='lat' dir='ltr'><strong>Derecto]</strong></span> <span class='ocrx_word' id='word_1_27' title='bbox 903 587 1062 654; x_wconf 80' lang='lat' dir='ltr'>Audacia</span> <span class='ocrx_word' id='word_1_28' title='bbox 1086 612 1164 654; x_wconf 90' lang='lat' dir='ltr'><strong>mu·</strong></span> <span class='ocrx_word' id='word_1_29' title='bbox 1214 611 1268 655; x_wconf 88' lang='lat' dir='ltr'><strong>oes</strong></span> <span class='ocrx_word' id='word_1_30' title='bbox 1292 582 1378 682; x_wconf 76' lang='lat' dir='ltr'><strong>eto]</strong></span> <span class='ocrx_word' id='word_1_31' title='bbox 1408 587 1536 655; x_wconf 81' lang='lat' dir='ltr'>Oratio</span> <span class='ocrx_word' id='word_1_32' title='bbox 1559 589 1720 663; x_wconf 88' lang='lat' dir='ltr'><strong>Aeneae;</strong></span> <span class='ocrx_word' id='word_1_33' title='bbox 1756 596 1877 674; x_wconf 71' lang='lat' dir='ltr'><strong>captat</strong></span> <span class='ocrx_word' id='word_1_34' title='bbox 1903 597 2019 652; x_wconf 90' lang='lat' dir='ltr'><strong>autem</strong></span> <span class='ocrx_word' id='word_1_35' title='bbox 2047 585 2201 651; x_wconf 88' lang='lat' dir='ltr'><strong>benevo-</strong></span> 
     </span>
     <span class='ocr_line' id='line_1_4' title="bbox 175 678 2201 783; baseline -0.001 -24"><span class='ocrx_word' id='word_1_36' title='bbox 175 690 308 759; x_wconf 89' lang='lat' dir='ltr'><strong>liehris.</strong></span> <span class='ocrx_word' id='word_1_37' title='bbox 416 678 476 757; x_wconf 88' lang='grc' dir='ltr'><strong>νε.</strong></span> <span class='ocrx_word' id='word_1_38' title='bbox 504 689 589 757; x_wconf 92' lang='grc'><strong>671.</strong></span> <span class='ocrx_word' id='word_1_39' title='bbox 629 693 704 757; x_wconf 81' lang='lat' dir='ltr'><strong>Heu</strong></span> <span class='ocrx_word' id='word_1_40' title='bbox 735 694 877 758; x_wconf 85' lang='lat' dir='ltr'><strong>miserae</strong></span> <span class='ocrx_word' id='word_1_41' title='bbox 907 684 991 783; x_wconf 77' lang='lat' dir='ltr'><strong>eto]</strong></span> <span class='ocrx_word' id='word_1_42' title='bbox 1027 681 1162 768; x_wconf 80' lang='grc' dir='ltr'><em>πάθος.</em></span> <span class='ocrx_word' id='word_1_43' title='bbox 1214 689 1567 779; x_wconf 89' lang='lat' dir='ltr'><strong>lentiamapersona</strong></span> <span class='ocrx_word' id='word_1_44' title='bbox 1586 686 1773 779; x_wconf 77' lang='lat' dir='ltr'><strong>Apollinis.</strong></span> <span class='ocrx_word' id='word_1_45' title='bbox 1808 734 1811 742; x_wconf 86' lang='lat'>-</span> <span class='ocrx_word' id='word_1_46' title='bbox 1859 684 1919 754; x_wconf 90' lang='lat' dir='ltr'><strong>Vs.</strong></span> <span class='ocrx_word' id='word_1_47' title='bbox 1936 686 1996 758; x_wconf 87' lang='grc'><strong>62.</strong></span> <span class='ocrx_word' id='word_1_48' title='bbox 2023 689 2099 756; x_wconf 83' lang='lat' dir='ltr'><strong>Hac</strong></span> <span class='ocrx_word' id='word_1_49' title='bbox 2115 692 2201 756; x_wconf 85' lang='lat' dir='ltr'><strong>Tro-</strong></span> 
     </span>
     <span class='ocr_line' id='line_1_5' title="bbox 153 786 2202 885; baseline -0.001 -28"><span class='ocrx_word' id='word_1_50' title='bbox 153 792 237 868; x_wconf 63' lang='lat' dir='ltr'><strong>⁴Vs.</strong></span> <span class='ocrx_word' id='word_1_51' title='bbox 256 789 340 859; x_wconf 85' lang='lat'><strong>676.</strong></span> <span class='ocrx_word' id='word_1_52' title='bbox 366 793 469 879; x_wconf 71' lang='lat' dir='ltr'><strong>muta]</strong></span> <span class='ocrx_word' id='word_1_53' title='bbox 497 790 614 858; x_wconf 87' lang='lat' dir='ltr'><strong>Metus</strong></span> <span class='ocrx_word' id='word_1_54' title='bbox 632 790 827 859; x_wconf 89' lang='lat' dir='ltr'><strong>muliebris.</strong></span> <span class='ocrx_word' id='word_1_55' title='bbox 913 790 972 858; x_wconf 87' lang='lat' dir='ltr'><strong>Vs.</strong></span> <span class='ocrx_word' id='word_1_56' title='bbox 988 789 1075 858; x_wconf 91' lang='grc'><strong>683.</strong></span> <span class='ocrx_word' id='word_1_57' title='bbox 1104 795 1166 859; x_wconf 82' lang='lat' dir='ltr'><strong>Est</strong></span> <span class='ocrx_word' id='word_1_58' title='bbox 1215 796 1299 860; x_wconf 83' lang='lat' dir='ltr'><strong>iana</strong></span> <span class='ocrx_word' id='word_1_59' title='bbox 1323 794 1405 876; x_wconf 79' lang='lat' dir='ltr'><strong>etc]</strong></span> <span class='ocrx_word' id='word_1_60' title='bbox 1439 790 1582 859; x_wconf 86' lang='lat' dir='ltr'><strong>Petitio.</strong></span> <span class='ocrx_word' id='word_1_61' title='bbox 1692 788 1754 858; x_wconf 85' lang='lat' dir='ltr'><strong>Vs.</strong></span> <span class='ocrx_word' id='word_1_62' title='bbox 1771 789 1832 858; x_wconf 85' lang='lat'><strong>68.</strong></span> <span class='ocrx_word' id='word_1_63' title='bbox 1862 793 2089 881; x_wconf 71' lang='lat' dir='ltr'><em>Errantesque</em></span> <span class='ocrx_word' id='word_1_64' title='bbox 2114 786 2202 885; x_wconf 90' lang='lat' dir='ltr'><strong>etc.]</strong></span> 
     </span>
     <span class='ocr_line' id='line_1_6' title="bbox 176 887 2202 986; baseline -0 -25"><span class='ocrx_word' id='word_1_65' title='bbox 176 888 379 986; x_wconf 78' lang='lat' dir='ltr'><strong>capereto]</strong></span> <span class='ocrx_word' id='word_1_66' title='bbox 406 888 541 971; x_wconf 81' lang='grc' dir='ltr'><strong>πάθος.</strong></span> <span class='ocrx_word' id='word_1_67' title='bbox 620 891 696 962; x_wconf 89' lang='lat' dir='ltr'><strong>Vss.</strong></span> <span class='ocrx_word' id='word_1_68' title='bbox 714 891 789 961; x_wconf 84' lang='lat'><strong>687</strong></span> <span class='ocrx_word' id='word_1_69' title='bbox 804 917 881 983; x_wconf 90' lang='lat' dir='ltr'><strong>sqq.</strong></span> <span class='ocrx_word' id='word_1_70' title='bbox 908 897 1061 979; x_wconf 87' lang='lat' dir='ltr'><strong>luppiter</strong></span> <span class='ocrx_word' id='word_1_71' title='bbox 1076 887 1162 986; x_wconf 77' lang='lat' dir='ltr'><strong>eto]</strong></span> <span class='ocrx_word' id='word_1_72' title='bbox 1216 892 1412 961; x_wconf 88' lang='lat' dir='ltr'><strong>Promissio</strong></span> <span class='ocrx_word' id='word_1_73' title='bbox 1438 895 1481 959; x_wconf 90' lang='lat' dir='ltr'><strong>ah</strong></span> <span class='ocrx_word' id='word_1_74' title='bbox 1508 894 1642 981; x_wconf 83' lang='lat' dir='ltr'><strong>agenda</strong></span> <span class='ocrx_word' id='word_1_75' title='bbox 1662 891 1788 980; x_wconf 74' lang='lat' dir='ltr'><strong>gratia.</strong></span> <span class='ocrx_word' id='word_1_76' title='bbox 1892 888 1952 958; x_wconf 85' lang='lat' dir='ltr'><strong>Vs.</strong></span> <span class='ocrx_word' id='word_1_77' title='bbox 1970 890 2030 962; x_wconf 91' lang='grc'><strong>72.</strong></span> <span class='ocrx_word' id='word_1_78' title='bbox 2054 914 2202 960; x_wconf 80' lang='lat' dir='ltr'><strong>arcana-</strong></span> 
     </span>
     <span class='ocr_line' id='line_1_7' title="bbox 175 989 2202 1088; baseline -0.002 -25"><span class='ocrx_word' id='word_1_79' title='bbox 175 994 304 1063; x_wconf 89' lang='lat' dir='ltr'><strong>Oratio</strong></span> <span class='ocrx_word' id='word_1_80' title='bbox 321 994 555 1061; x_wconf 86' lang='lat' dir='ltr'><strong>deliberativa</strong></span> <span class='ocrx_word' id='word_1_81' title='bbox 572 997 616 1062; x_wconf 94' lang='lat' dir='ltr'><strong>ad</strong></span> <span class='ocrx_word' id='word_1_82' title='bbox 633 992 767 1062; x_wconf 84' lang='lat' dir='ltr'><strong>lovem.</strong></span> <span class='ocrx_word' id='word_1_83' title='bbox 863 992 924 1062; x_wconf 84' lang='lat' dir='ltr'><strong>Vs.</strong></span> <span class='ocrx_word' id='word_1_84' title='bbox 940 993 1026 1062; x_wconf 87' lang='grc'><strong>690.</strong></span> <span class='ocrx_word' id='word_1_85' title='bbox 1051 998 1164 1075; x_wconf 83' lang='lat' dir='ltr'><strong>Nunc,</strong></span> <span class='ocrx_word' id='word_1_86' title='bbox 1217 1019 1278 1086; x_wconf 83' lang='lat' dir='ltr'><strong>que</strong></span> <span class='ocrx_word' id='word_1_87' title='bbox 1290 989 1384 1088; x_wconf 78' lang='lat' dir='ltr'><strong>sata]</strong></span> <span class='ocrx_word' id='word_1_88' title='bbox 1411 994 1547 1064; x_wconf 90' lang='lat' dir='ltr'><strong>Alludit</strong></span> <span class='ocrx_word' id='word_1_89' title='bbox 1570 996 1615 1061; x_wconf 86' lang='lat' dir='ltr'><strong>acl</strong></span> <span class='ocrx_word' id='word_1_90' title='bbox 1639 995 1749 1062; x_wconf 88' lang='lat' dir='ltr'><strong>libros</strong></span> <span class='ocrx_word' id='word_1_91' title='bbox 1767 993 1960 1083; x_wconf 80' lang='lat' dir='ltr'><strong>Sibyllinos</strong></span> <span class='ocrx_word' id='word_1_92' title='bbox 1977 992 2114 1058; x_wconf 83' lang='lat' dir='ltr'><strong>Romae</strong></span> <span class='ocrx_word' id='word_1_93' title='bbox 2140 995 2202 1060; x_wconf 94' lang='lat' dir='ltr'><strong>ad-</strong></span> 
     </span>
     <span class='ocr_line' id='line_1_8' title="bbox 172 1085 2202 1189; baseline -0.003 -23"><span class='ocrx_word' id='word_1_94' title='bbox 172 1107 271 1185; x_wconf 80' lang='lat' dir='ltr'><strong>paler</strong></span> <span class='ocrx_word' id='word_1_95' title='bbox 288 1090 373 1189; x_wconf 77' lang='lat' dir='ltr'><strong>eto]</strong></span> <span class='ocrx_word' id='word_1_96' title='bbox 401 1089 526 1175; x_wconf 81' lang='grc' dir='ltr'><em>πάθος</em></span> <span class='ocrx_word' id='word_1_97' title='bbox 540 1097 677 1184; x_wconf 83' lang='lat' dir='ltr'><strong>regium</strong></span> <span class='ocrx_word' id='word_1_98' title='bbox 696 1095 806 1162; x_wconf 88' lang='lat' dir='ltr'><strong>animi</strong></span> <span class='ocrx_word' id='word_1_99' title='bbox 825 1085 967 1162; x_wconf 73' lang='lat' dir='ltr'><strong>solliciti</strong></span> <span class='ocrx_word' id='word_1_100' title='bbox 991 1119 1058 1185; x_wconf 85' lang='lat' dir='ltr'><strong>pro</strong></span> <span class='ocrx_word' id='word_1_101' title='bbox 1080 1095 1163 1163; x_wconf 86' lang='lat' dir='ltr'><strong>suis.</strong></span> <span class='ocrx_word' id='word_1_102' title='bbox 1217 1109 1386 1165; x_wconf 89' lang='lat' dir='ltr'><strong>servatos.</strong></span> <span class='ocrx_word' id='word_1_103' title='bbox 1505 1095 1566 1164; x_wconf 85' lang='lat' dir='ltr'><strong>Vs.</strong></span> <span class='ocrx_word' id='word_1_104' title='bbox 1587 1097 1646 1166; x_wconf 86' lang='grc'><strong>88.</strong></span> <span class='ocrx_word' id='word_1_105' title='bbox 1682 1099 1864 1166; x_wconf 82' lang='lat' dir='ltr'><strong>Otaudem</strong></span> <span class='ocrx_word' id='word_1_106' title='bbox 1889 1089 1973 1188; x_wconf 78' lang='lat' dir='ltr'><strong>eto]</strong></span> <span class='ocrx_word' id='word_1_107' title='bbox 2006 1093 2202 1161; x_wconf 90' lang='lat' dir='ltr'><strong>Oraculum</strong></span> 
     </span>
     <span class='ocr_line' id='line_1_9' title="bbox 175 1189 2201 1290; baseline 0 -29"><span class='ocrx_word' id='word_1_108' title='bbox 175 1197 236 1266; x_wconf 89' lang='lat' dir='ltr'><strong>Vs.</strong></span> <span class='ocrx_word' id='word_1_109' title='bbox 255 1197 339 1265; x_wconf 87' lang='grc'><strong>701.</strong></span> <span class='ocrx_word' id='word_1_110' title='bbox 366 1202 468 1266; x_wconf 77' lang='lat' dir='ltr'><strong>Nam</strong></span> <span class='ocrx_word' id='word_1_111' title='bbox 488 1200 553 1267; x_wconf 79' lang='lat' dir='ltr'><strong>huc</strong></span> <span class='ocrx_word' id='word_1_112' title='bbox 574 1201 726 1288; x_wconf 75' lang='lat' dir='ltr'><strong>iupeutes</strong></span> <span class='ocrx_word' id='word_1_113' title='bbox 748 1192 833 1290; x_wconf 78' lang='lat' dir='ltr'><strong>etc]</strong></span> <span class='ocrx_word' id='word_1_114' title='bbox 863 1196 955 1264; x_wconf 88' lang='lat' dir='ltr'><strong>Cura</strong></span> <span class='ocrx_word' id='word_1_115' title='bbox 982 1197 1181 1286; x_wconf 86' lang='lat' dir='ltr'><strong>principis..</strong></span> <span class='ocrx_word' id='word_1_116' title='bbox 1217 1197 1383 1288; x_wconf 71' lang='lat' dir='ltr'><strong>Sibyllae.</strong></span> <span class='ocrx_word' id='word_1_117' title='bbox 1492 1196 1568 1267; x_wconf 88' lang='lat' dir='ltr'><strong>Vss.</strong></span> <span class='ocrx_word' id='word_1_118' title='bbox 1588 1198 1637 1271; x_wconf 91' lang='grc'><strong>92</strong></span> <span class='ocrx_word' id='word_1_119' title='bbox 1653 1224 1705 1290; x_wconf 88' lang='lat' dir='ltr'><strong>sq.</strong></span> <span class='ocrx_word' id='word_1_120' title='bbox 1742 1201 1834 1281; x_wconf 83' lang='lat' dir='ltr'><strong>Quos</strong></span> <span class='ocrx_word' id='word_1_121' title='bbox 1853 1207 1969 1285; x_wconf 77' lang='lat' dir='ltr'><strong>pentes</strong></span> <span class='ocrx_word' id='word_1_122' title='bbox 1994 1189 2080 1290; x_wconf 76' lang='lat' dir='ltr'><strong>eto]</strong></span> <span class='ocrx_word' id='word_1_123' title='bbox 2108 1194 2201 1264; x_wconf 90' lang='lat' dir='ltr'><strong>Nam</strong></span> 
     </span>
    </p>
   </div>
   <div class='ocr_carea' id='block_1_3' title="bbox 175 1293 2326 1393">
    <p class='ocr_par' dir='ltr' id='par_1_3' title="bbox 175 1293 2326 1393">
     <span class='ocr_line' id='line_1_10' title="bbox 175 1293 2326 1393; baseline 0 -29"><span class='ocrx_word' id='word_1_124' title='bbox 175 1299 236 1368; x_wconf 86' lang='lat' dir='ltr'><strong>Vs.</strong></span> <span class='ocrx_word' id='word_1_125' title='bbox 262 1296 348 1368; x_wconf 91' lang='grc'><strong>704.</strong></span> <span class='ocrx_word' id='word_1_126' title='bbox 391 1304 476 1368; x_wconf 85' lang='lat' dir='ltr'><strong>Tum</strong></span> <span class='ocrx_word' id='word_1_127' title='bbox 500 1304 615 1369; x_wconf 85' lang='lat' dir='ltr'><strong>senior</strong></span> <span class='ocrx_word' id='word_1_128' title='bbox 636 1293 784 1393; x_wconf 83' lang='lat' dir='ltr'><strong>Nautes]</strong></span> <span class='ocrx_word' id='word_1_129' title='bbox 827 1297 944 1365; x_wconf 90' lang='lat' dir='ltr'><strong>Senile</strong></span> <span class='ocrx_word' id='word_1_130' title='bbox 975 1299 1165 1366; x_wconf 88' lang='lat' dir='ltr'><strong>consilium</strong></span> <span class='ocrx_word' id='word_1_131' title='bbox 1219 1311 1253 1366; x_wconf 91' lang='lat' dir='ltr'><strong>et</strong></span> <span class='ocrx_word' id='word_1_132' title='bbox 1283 1299 1387 1368; x_wconf 89' lang='lat' dir='ltr'><strong>Paris</strong></span> <span class='ocrx_word' id='word_1_133' title='bbox 1421 1300 1465 1366; x_wconf 90' lang='lat' dir='ltr'><strong>ab</strong></span> <span class='ocrx_word' id='word_1_134' title='bbox 1502 1299 1635 1367; x_wconf 88' lang='lat' dir='ltr'><strong>Helena</strong></span> <span class='ocrx_word' id='word_1_135' title='bbox 1670 1302 1786 1367; x_wconf 75' lang='lat' dir='ltr'><strong>suerru</strong></span> <span class='ocrx_word' id='word_1_136' title='bbox 1820 1293 1977 1388; x_wconf 85' lang='lat' dir='ltr'><strong>hospitio</strong></span> <span class='ocrx_word' id='word_1_137' title='bbox 2010 1309 2203 1387; x_wconf 86' lang='lat' dir='ltr'><strong>susceptus.</strong></span> <span class='ocrx_word' id='word_1_138' title='bbox 2323 1383 2326 1389; x_wconf 23' lang='grc'>1</span> 
     </span>
    </p>
   </div>
   <div class='ocr_carea' id='block_1_4' title="bbox 171 1395 2323 5165">
    <p class='ocr_par' dir='ltr' id='par_1_4' title="bbox 171 1395 2323 4660">
     <span class='ocr_line' id='line_1_11' title="bbox 175 1395 2203 1496; baseline 0.001 -30"><span class='ocrx_word' id='word_1_139' title='bbox 175 1402 221 1466; x_wconf 92' lang='lat' dir='ltr'><strong>ab</strong></span> <span class='ocrx_word' id='word_1_140' title='bbox 256 1412 389 1479; x_wconf 85' lang='lat' dir='ltr'><strong>aetate,</strong></span> <span class='ocrx_word' id='word_1_141' title='bbox 431 1403 621 1491; x_wconf 88' lang='lat' dir='ltr'><strong>prudentia</strong></span> <span class='ocrx_word' id='word_1_142' title='bbox 656 1417 690 1470; x_wconf 88' lang='lat' dir='ltr'><strong>et</strong></span> <span class='ocrx_word' id='word_1_143' title='bbox 724 1399 896 1489; x_wconf 85' lang='lat' dir='ltr'><strong>religione.</strong></span> <span class='ocrx_word' id='word_1_144' title='bbox 925 1403 1164 1467; x_wconf 81' lang='lat' dir='ltr'><strong>commendat.</strong></span> <span class='ocrx_word' id='word_1_145' title='bbox 1216 1400 1277 1468; x_wconf 86' lang='lat' dir='ltr'><strong>Vs.</strong></span> <span class='ocrx_word' id='word_1_146' title='bbox 1296 1395 1380 1470; x_wconf 90' lang='grc'><strong>105.</strong></span> <span class='ocrx_word' id='word_1_147' title='bbox 1409 1405 1529 1472; x_wconf 80' lang='lat' dir='ltr'><strong>Omnia</strong></span> <span class='ocrx_word' id='word_1_148' title='bbox 1549 1397 1700 1496; x_wconf 81' lang='lat' dir='ltr'><strong>percepi]</strong></span> <span class='ocrx_word' id='word_1_149' title='bbox 1728 1400 1935 1468; x_wconf 87' lang='lat' dir='ltr'><strong>Prudentia.</strong></span> <span class='ocrx_word' id='word_1_150' title='bbox 2038 1398 2098 1468; x_wconf 91' lang='lat' dir='ltr'><strong>Vs.</strong></span> <span class='ocrx_word' id='word_1_151' title='bbox 2119 1398 2203 1469; x_wconf 91' lang='grc'><strong>106.</strong></span> 
     </span>
     <span class='ocr_line' id='line_1_12' title="bbox 175 1496 2203 1600; baseline 0.002 -36"><span class='ocrx_word' id='word_1_152' title='bbox 175 1501 236 1571; x_wconf 86' lang='grc' dir='ltr'><strong>νε.</strong></span> <span class='ocrx_word' id='word_1_153' title='bbox 251 1501 336 1570; x_wconf 91' lang='grc'><strong>711.</strong></span> <span class='ocrx_word' id='word_1_154' title='bbox 366 1506 502 1572; x_wconf 76' lang='lat' dir='ltr'><strong>Earttt</strong></span> <span class='ocrx_word' id='word_1_155' title='bbox 519 1499 605 1600; x_wconf 86' lang='lat' dir='ltr'><strong>etc.]</strong></span> <span class='ocrx_word' id='word_1_156' title='bbox 632 1502 814 1572; x_wconf 86' lang='lat' dir='ltr'><strong>Narratio.</strong></span> <span class='ocrx_word' id='word_1_157' title='bbox 875 1500 934 1570; x_wconf 88' lang='lat' dir='ltr'><strong>Vs.</strong></span> <span class='ocrx_word' id='word_1_158' title='bbox 954 1500 1038 1572; x_wconf 90' lang='grc'><strong>712.</strong></span> <span class='ocrx_word' id='word_1_159' title='bbox 1066 1505 1166 1570; x_wconf 76' lang='lat' dir='ltr'><strong>lluuc</strong></span> <span class='ocrx_word' id='word_1_160' title='bbox 1222 1509 1331 1572; x_wconf 80' lang='lat' dir='ltr'><strong>Urrrtm</strong></span> <span class='ocrx_word' id='word_1_161' title='bbox 1355 1500 1432 1598; x_wconf 90' lang='lat' dir='ltr'><strong>oro]</strong></span> <span class='ocrx_word' id='word_1_162' title='bbox 1478 1504 1607 1573; x_wconf 85' lang='lat' dir='ltr'><strong>l’etitio</strong></span> <span class='ocrx_word' id='word_1_163' title='bbox 1634 1505 1678 1570; x_wconf 94' lang='lat' dir='ltr'><strong>ab</strong></span> <span class='ocrx_word' id='word_1_164' title='bbox 1704 1503 1899 1571; x_wconf 81' lang='lat' dir='ltr'><strong>occasione.</strong></span> <span class='ocrx_word' id='word_1_165' title='bbox 2034 1500 2094 1570; x_wconf 85' lang='lat' dir='ltr'><strong>Vs.</strong></span> <span class='ocrx_word' id='word_1_166' title='bbox 2119 1496 2203 1569; x_wconf 84' lang='lat'><strong>115.</strong></span> 
     </span>
     <span class='ocr_line' id='line_1_13' title="bbox 174 1595 2251 1700; baseline -0.001 -28"><span class='ocrx_word' id='word_1_167' title='bbox 174 1605 270 1693; x_wconf 87' lang='lat' dir='ltr'><strong>cape]</strong></span> <span class='ocrx_word' id='word_1_168' title='bbox 303 1603 513 1673; x_wconf 85' lang='lat' dir='ltr'><strong>Consilium.</strong></span> <span class='ocrx_word' id='word_1_169' title='bbox 623 1605 683 1673; x_wconf 89' lang='lat' dir='ltr'><strong>Vs.</strong></span> <span class='ocrx_word' id='word_1_170' title='bbox 708 1604 792 1677; x_wconf 87' lang='grc'><strong>722.</strong></span> <span class='ocrx_word' id='word_1_171' title='bbox 832 1607 913 1671; x_wconf 83' lang='lat' dir='ltr'><strong>Visa</strong></span> <span class='ocrx_word' id='word_1_172' title='bbox 937 1605 1057 1672; x_wconf 80' lang='lat' dir='ltr'><strong>dehinc</strong></span> <span class='ocrx_word' id='word_1_173' title='bbox 1084 1603 1164 1690; x_wconf 77' lang='lat' dir='ltr'><strong>eto]</strong></span> <span class='ocrx_word' id='word_1_174' title='bbox 1218 1608 1330 1688; x_wconf 83' lang='lat' dir='ltr'><strong>eriu,</strong></span> <span class='ocrx_word' id='word_1_175' title='bbox 1357 1602 1541 1700; x_wconf 76' lang='lat' dir='ltr'><strong>allecto]</strong></span> <span class='ocrx_word' id='word_1_176' title='bbox 1566 1605 1823 1675; x_wconf 85' lang='lat' dir='ltr'><strong>Anecessario.</strong></span> <span class='ocrx_word' id='word_1_177' title='bbox 1899 1602 1958 1671; x_wconf 89' lang='grc' dir='ltr'><strong>νε.</strong></span> <span class='ocrx_word' id='word_1_178' title='bbox 1979 1603 2062 1672; x_wconf 89' lang='grc'><strong>117.</strong></span> <span class='ocrx_word' id='word_1_179' title='bbox 2089 1605 2202 1685; x_wconf 85' lang='lat' dir='ltr'><strong>Alma,</strong></span> <span class='ocrx_word' id='word_1_180' title='bbox 2248 1595 2251 1599; x_wconf 41' lang='lat'><strong>⁴</strong></span> 
     </span>
     <span class='ocr_line' id='line_1_14' title="bbox 173 1700 2203 1801; baseline 0 -30"><span class='ocrx_word' id='word_1_181' title='bbox 173 1701 346 1775; x_wconf 80' lang='lat' dir='ltr'><strong>Anchises</strong></span> <span class='ocrx_word' id='word_1_182' title='bbox 368 1706 441 1773; x_wconf 90' lang='lat' dir='ltr'><strong>filio</strong></span> <span class='ocrx_word' id='word_1_183' title='bbox 462 1730 527 1796; x_wconf 87' lang='lat' dir='ltr'><strong>per</strong></span> <span class='ocrx_word' id='word_1_184' title='bbox 548 1731 713 1775; x_wconf 89' lang='lat' dir='ltr'><strong>somnum</strong></span> <span class='ocrx_word' id='word_1_185' title='bbox 738 1719 898 1796; x_wconf 85' lang='lat' dir='ltr'><strong>apparet.</strong></span> <span class='ocrx_word' id='word_1_186' title='bbox 1002 1703 1062 1773; x_wconf 88' lang='lat' dir='ltr'><strong>Vs.</strong></span> <span class='ocrx_word' id='word_1_187' title='bbox 1078 1701 1164 1776; x_wconf 91' lang='grc'><strong>724.</strong></span> <span class='ocrx_word' id='word_1_188' title='bbox 1215 1700 1353 1801; x_wconf 82' lang='lat' dir='ltr'><strong>precor]</strong></span> <span class='ocrx_word' id='word_1_189' title='bbox 1381 1706 1537 1775; x_wconf 84' lang='lat' dir='ltr'><strong>Alacili.</strong></span> <span class='ocrx_word' id='word_1_190' title='bbox 1640 1705 1803 1775; x_wconf 83' lang='lat' dir='ltr'><strong>vs.119.</strong></span> <span class='ocrx_word' id='word_1_191' title='bbox 1837 1710 1880 1775; x_wconf 88' lang='lat' dir='ltr'><strong>Si</strong></span> <span class='ocrx_word' id='word_1_192' title='bbox 1900 1708 2009 1793; x_wconf 82' lang='lat' dir='ltr'><strong>potuit</strong></span> <span class='ocrx_word' id='word_1_193' title='bbox 2035 1700 2121 1801; x_wconf 80' lang='lat' dir='ltr'><strong>eto]</strong></span> <span class='ocrx_word' id='word_1_194' title='bbox 2147 1705 2203 1771; x_wconf 92' lang='lat' dir='ltr'><strong>Ab</strong></span> 
     </span>
     <span class='ocr_line' id='line_1_15' title="bbox 175 1803 2205 1903; baseline -0.002 -27"><span class='ocrx_word' id='word_1_195' title='bbox 175 1812 292 1893; x_wconf 79' lang='lat' dir='ltr'><strong>Nate,</strong></span> <span class='ocrx_word' id='word_1_196' title='bbox 346 1810 430 1876; x_wconf 81' lang='lat' dir='ltr'><strong>mili</strong></span> <span class='ocrx_word' id='word_1_197' title='bbox 465 1804 550 1903; x_wconf 77' lang='lat' dir='ltr'><strong>eto]</strong></span> <span class='ocrx_word' id='word_1_198' title='bbox 603 1807 859 1876; x_wconf 89' lang='lat' dir='ltr'><strong>Benevolentia</strong></span> <span class='ocrx_word' id='word_1_199' title='bbox 895 1806 1055 1895; x_wconf 80' lang='lat' dir='ltr'><strong>iungitur</strong></span> <span class='ocrx_word' id='word_1_200' title='bbox 1089 1806 1164 1872; x_wconf 86' lang='lat' dir='ltr'><strong>vice</strong></span> <span class='ocrx_word' id='word_1_201' title='bbox 1218 1808 1398 1898; x_wconf 88' lang='lat' dir='ltr'><strong>exemplis.</strong></span> <span class='ocrx_word' id='word_1_202' title='bbox 1521 1807 1582 1877; x_wconf 89' lang='lat' dir='ltr'><strong>Vs.</strong></span> <span class='ocrx_word' id='word_1_203' title='bbox 1601 1807 1685 1880; x_wconf 88' lang='grc'><strong>124.</strong></span> <span class='ocrx_word' id='word_1_204' title='bbox 1720 1831 1864 1901; x_wconf 81' lang='lat' dir='ltr'><strong>arasque</strong></span> <span class='ocrx_word' id='word_1_205' title='bbox 1885 1803 2035 1901; x_wconf 79' lang='lat' dir='ltr'><strong>tenebat]</strong></span> <span class='ocrx_word' id='word_1_206' title='bbox 2067 1806 2205 1876; x_wconf 92' lang='lat' dir='ltr'><strong>Alludit</strong></span> 
     </span>
     <span class='ocr_line' id='line_1_16' title="bbox 176 1904 2206 2003; baseline 0 -30"><span class='ocrx_word' id='word_1_207' title='bbox 176 1908 323 1974; x_wconf 82' lang='lat' dir='ltr'><strong>exordii.</strong></span> <span class='ocrx_word' id='word_1_208' title='bbox 452 1908 511 1978; x_wconf 88' lang='lat' dir='ltr'><strong>Vs.</strong></span> <span class='ocrx_word' id='word_1_209' title='bbox 541 1908 626 1981; x_wconf 91' lang='grc'><strong>728.</strong></span> <span class='ocrx_word' id='word_1_210' title='bbox 669 1913 830 1981; x_wconf 82' lang='lat' dir='ltr'><strong>Consiliis</strong></span> <span class='ocrx_word' id='word_1_211' title='bbox 856 1904 940 2003; x_wconf 75' lang='lat' dir='ltr'><strong>eto]</strong></span> <span class='ocrx_word' id='word_1_212' title='bbox 983 1907 1164 1976; x_wconf 80' lang='lat' dir='ltr'><strong>Narratio.</strong></span> <span class='ocrx_word' id='word_1_213' title='bbox 1218 1911 1263 1976; x_wconf 91' lang='lat' dir='ltr'><strong>ad</strong></span> <span class='ocrx_word' id='word_1_214' title='bbox 1285 1910 1394 1978; x_wconf 89' lang='lat' dir='ltr'><strong>ritum</strong></span> <span class='ocrx_word' id='word_1_215' title='bbox 1422 1912 1624 1987; x_wconf 88' lang='lat' dir='ltr'><strong>vetustatis;</strong></span> <span class='ocrx_word' id='word_1_216' title='bbox 1666 1910 1811 1976; x_wconf 89' lang='lat' dir='ltr'><strong>tenebat</strong></span> <span class='ocrx_word' id='word_1_217' title='bbox 1843 1909 1937 1995; x_wconf 86' lang='lat' dir='ltr'><strong>enim</strong></span> <span class='ocrx_word' id='word_1_218' title='bbox 1970 1928 2082 1977; x_wconf 91' lang='lat' dir='ltr'><strong>cornu</strong></span> <span class='ocrx_word' id='word_1_219' title='bbox 2108 1931 2206 1990; x_wconf 91' lang='lat' dir='ltr'><strong>arae,</strong></span> 
     </span>
     <span class='ocr_line' id='line_1_17' title="bbox 173 2006 2206 2105; baseline 0 -30"><span class='ocrx_word' id='word_1_220' title='bbox 173 2007 250 2077; x_wconf 90' lang='lat' dir='ltr'><strong>Vss.</strong></span> <span class='ocrx_word' id='word_1_221' title='bbox 267 2010 338 2077; x_wconf 87' lang='grc'><strong>731</strong></span> <span class='ocrx_word' id='word_1_222' title='bbox 358 2032 409 2100; x_wconf 84' lang='lat' dir='ltr'><strong>sq.</strong></span> <span class='ocrx_word' id='word_1_223' title='bbox 444 2014 541 2081; x_wconf 84' lang='lat' dir='ltr'><strong>Ditis</strong></span> <span class='ocrx_word' id='word_1_224' title='bbox 564 2022 678 2083; x_wconf 82' lang='lat' dir='ltr'><strong>tamea</strong></span> <span class='ocrx_word' id='word_1_225' title='bbox 702 2015 784 2103; x_wconf 75' lang='lat' dir='ltr'><strong>cto]</strong></span> <span class='ocrx_word' id='word_1_226' title='bbox 819 2010 1054 2079; x_wconf 83' lang='lat' dir='ltr'><strong>Confirmatio</strong></span> <span class='ocrx_word' id='word_1_227' title='bbox 1082 2034 1165 2076; x_wconf 90' lang='lat' dir='ltr'><strong>con·</strong></span> <span class='ocrx_word' id='word_1_228' title='bbox 1218 2011 1281 2104; x_wconf 88' lang='lat' dir='ltr'><strong>qui</strong></span> <span class='ocrx_word' id='word_1_229' title='bbox 1298 2013 1521 2102; x_wconf 90' lang='lat' dir='ltr'><strong>precabatur.</strong></span> <span class='ocrx_word' id='word_1_230' title='bbox 1616 2011 1675 2080; x_wconf 88' lang='lat' dir='ltr'><strong>Vs.</strong></span> <span class='ocrx_word' id='word_1_231' title='bbox 1697 2011 1779 2080; x_wconf 96' lang='grc'><strong>131.</strong></span> <span class='ocrx_word' id='word_1_232' title='bbox 1807 2006 2107 2105; x_wconf 77' lang='lat' dir='ltr'><strong>Diispeuitietc]</strong></span> <span class='ocrx_word' id='word_1_233' title='bbox 2135 2009 2206 2077; x_wconf 78' lang='lat' dir='ltr'><strong>De-</strong></span> 
     </span>
     <span class='ocr_line' id='line_1_18' title="bbox 174 2108 2204 2206; baseline 0.001 -27"><span class='ocrx_word' id='word_1_234' title='bbox 174 2111 254 2178; x_wconf 87' lang='lat' dir='ltr'><strong>silii.</strong></span> <span class='ocrx_word' id='word_1_235' title='bbox 365 2109 424 2179; x_wconf 90' lang='grc' dir='ltr'><strong>νε.</strong></span> <span class='ocrx_word' id='word_1_236' title='bbox 451 2111 536 2182; x_wconf 86' lang='grc'><strong>733.</strong></span> <span class='ocrx_word' id='word_1_237' title='bbox 573 2118 777 2203; x_wconf 78' lang='lat' dir='ltr'><strong>Conpressas</strong></span> <span class='ocrx_word' id='word_1_238' title='bbox 800 2124 875 2200; x_wconf 80' lang='lat' dir='ltr'><strong>pete</strong></span> <span class='ocrx_word' id='word_1_239' title='bbox 898 2108 982 2206; x_wconf 74' lang='lat' dir='ltr'><strong>eto]</strong></span> <span class='ocrx_word' id='word_1_240' title='bbox 1014 2111 1165 2179; x_wconf 86' lang='lat' dir='ltr'><strong>Afaeili</strong></span> <span class='ocrx_word' id='word_1_241' title='bbox 1217 2109 1410 2181; x_wconf 85' lang='lat' dir='ltr'><strong>hortatioa</strong></span> <span class='ocrx_word' id='word_1_242' title='bbox 1430 2113 1576 2183; x_wconf 82' lang='lat' dir='ltr'><strong>difficili.</strong></span> <span class='ocrx_word' id='word_1_243' title='bbox 1678 2111 1738 2181; x_wconf 90' lang='lat' dir='ltr'><strong>Vs.</strong></span> <span class='ocrx_word' id='word_1_244' title='bbox 1761 2112 1844 2181; x_wconf 92' lang='grc'><strong>137.</strong></span> <span class='ocrx_word' id='word_1_245' title='bbox 1872 2119 2023 2195; x_wconf 78' lang='lat' dir='ltr'><strong>Aureus,</strong></span> <span class='ocrx_word' id='word_1_246' title='bbox 2057 2123 2090 2181; x_wconf 81' lang='lat' dir='ltr'><strong>et</strong></span> <span class='ocrx_word' id='word_1_247' title='bbox 2107 2111 2204 2201; x_wconf 78' lang='lat' dir='ltr'><strong>soliis</strong></span> 
     </span>
     <span class='ocr_line' id='line_1_19' title="bbox 173 2192 2323 2311; baseline -0.001 -29"><span class='ocrx_word' id='word_1_248' title='bbox 173 2214 230 2282; x_wconf 84' lang='lat' dir='ltr'><strong>vel</strong></span> <span class='ocrx_word' id='word_1_249' title='bbox 247 2225 465 2303; x_wconf 90' lang='lat' dir='ltr'><strong>opportuno.</strong></span> <span class='ocrx_word' id='word_1_250' title='bbox 569 2214 630 2284; x_wconf 90' lang='lat' dir='ltr'><strong>Vs.</strong></span> <span class='ocrx_word' id='word_1_251' title='bbox 650 2214 734 2283; x_wconf 84' lang='lat'><strong>737.</strong></span> <span class='ocrx_word' id='word_1_252' title='bbox 764 2220 850 2283; x_wconf 86' lang='lat' dir='ltr'><strong>Tum</strong></span> <span class='ocrx_word' id='word_1_253' title='bbox 863 2240 969 2302; x_wconf 74' lang='lat' dir='ltr'><strong>penus</strong></span> <span class='ocrx_word' id='word_1_254' title='bbox 985 2210 1070 2308; x_wconf 74' lang='lat' dir='ltr'><strong>cto]</strong></span> <span class='ocrx_word' id='word_1_255' title='bbox 1098 2214 1165 2280; x_wconf 90' lang='lat' dir='ltr'><strong>Pa-</strong></span> <span class='ocrx_word' id='word_1_256' title='bbox 1190 2192 1193 2265; x_wconf 78' lang='lat' dir='ltr'><strong>l</strong></span> <span class='ocrx_word' id='word_1_257' title='bbox 1219 2212 1304 2311; x_wconf 75' lang='lat' dir='ltr'><strong>eto]</strong></span> <span class='ocrx_word' id='word_1_258' title='bbox 1332 2215 1468 2285; x_wconf 70' lang='lat' dir='ltr'><strong>Pramus</strong></span> <span class='ocrx_word' id='word_1_259' title='bbox 1483 2238 1623 2284; x_wconf 88' lang='lat' dir='ltr'><strong>aureus.</strong></span> <span class='ocrx_word' id='word_1_260' title='bbox 1675 2214 1745 2282; x_wconf 90' lang='lat' dir='ltr'><strong>Per</strong></span> <span class='ocrx_word' id='word_1_261' title='bbox 1766 2239 1907 2284; x_wconf 89' lang='lat' dir='ltr'><strong>ramum</strong></span> <span class='ocrx_word' id='word_1_262' title='bbox 1934 2240 2082 2284; x_wconf 91' lang='lat' dir='ltr'><strong>aureum</strong></span> <span class='ocrx_word' id='word_1_263' title='bbox 2103 2214 2207 2282; x_wconf 86' lang='lat' dir='ltr'><strong>intel·</strong></span> <span class='ocrx_word' id='word_1_264' title='bbox 2319 2260 2323 2269; x_wconf 81' lang='lat'><strong>·</strong></span> 
     </span>
     <span class='ocr_line' id='line_1_20' title="bbox 173 2268 2206 2411; baseline -0.003 -22"><span class='ocrx_word' id='word_1_265' title='bbox 173 2315 530 2390; x_wconf 80' lang='lat' dir='ltr'><strong>rasceuelihrisexti.</strong></span> <span class='ocrx_word' id='word_1_266' title='bbox 608 2316 667 2386; x_wconf 91' lang='lat' dir='ltr'><strong>Vs.</strong></span> <span class='ocrx_word' id='word_1_267' title='bbox 687 2314 772 2384; x_wconf 87' lang='grc'><strong>740.</strong></span> <span class='ocrx_word' id='word_1_268' title='bbox 798 2327 829 2384; x_wconf 79' lang='lat' dir='ltr'><strong>et</strong></span> <span class='ocrx_word' id='word_1_269' title='bbox 845 2327 960 2385; x_wconf 80' lang='lat' dir='ltr'><strong>leuues</strong></span> <span class='ocrx_word' id='word_1_270' title='bbox 971 2314 1062 2404; x_wconf 75' lang='lat' dir='ltr'><strong>serpit</strong></span> <span class='ocrx_word' id='word_1_271' title='bbox 1080 2327 1144 2381; x_wconf 88' lang='lat' dir='ltr'><strong>etc.</strong></span> <span class='ocrx_word' id='word_1_272' title='bbox 1190 2268 1340 2409; x_wconf 81' lang='lat' dir='ltr'><strong>lligitur</strong></span> <span class='ocrx_word' id='word_1_273' title='bbox 1357 2317 1569 2409; x_wconf 85' lang='lat' dir='ltr'><strong>prudentia,</strong></span> <span class='ocrx_word' id='word_1_274' title='bbox 1597 2339 1666 2409; x_wconf 89' lang='lat' dir='ltr'><strong>qua</strong></span> <span class='ocrx_word' id='word_1_275' title='bbox 1683 2312 1774 2383; x_wconf 91' lang='lat' dir='ltr'><strong>nihil</strong></span> <span class='ocrx_word' id='word_1_276' title='bbox 1791 2340 1866 2385; x_wconf 91' lang='lat' dir='ltr'><strong>non</strong></span> <span class='ocrx_word' id='word_1_277' title='bbox 1893 2316 2123 2411; x_wconf 87' lang='lat' dir='ltr'><strong>quantumvis</strong></span> <span class='ocrx_word' id='word_1_278' title='bbox 2149 2339 2206 2383; x_wconf 87' lang='lat' dir='ltr'><strong>ar-</strong></span> 
     </span>
     <span class='ocr_line' id='line_1_21' title="bbox 173 2371 2205 2511; baseline -0.004 -17"><span class='ocrx_word' id='word_1_279' title='bbox 173 2422 327 2494; x_wconf 91' lang='lat' dir='ltr'><strong>Animae</strong></span> <span class='ocrx_word' id='word_1_280' title='bbox 344 2419 442 2486; x_wconf 89' lang='lat' dir='ltr'><strong>venti</strong></span> <span class='ocrx_word' id='word_1_281' title='bbox 456 2431 491 2486; x_wconf 87' lang='lat' dir='ltr'><strong>et</strong></span> <span class='ocrx_word' id='word_1_282' title='bbox 506 2417 605 2487; x_wconf 83' lang='lat' dir='ltr'><strong>lumi.</strong></span> <span class='ocrx_word' id='word_1_283' title='bbox 709 2417 770 2485; x_wconf 86' lang='lat' dir='ltr'><strong>Vs.</strong></span> <span class='ocrx_word' id='word_1_284' title='bbox 791 2414 875 2484; x_wconf 89' lang='grc'><strong>747.</strong></span> <span class='ocrx_word' id='word_1_285' title='bbox 907 2421 1058 2486; x_wconf 82' lang='lat' dir='ltr'><strong>Etloris</strong></span> <span class='ocrx_word' id='word_1_286' title='bbox 1080 2428 1144 2482; x_wconf 87' lang='lat' dir='ltr'><strong>etc.</strong></span> <span class='ocrx_word' id='word_1_287' title='bbox 1189 2371 1328 2508; x_wconf 77' lang='lat' dir='ltr'><strong>]tluum</strong></span> <span class='ocrx_word' id='word_1_288' title='bbox 1353 2433 1388 2486; x_wconf 87' lang='lat' dir='ltr'><strong>et</strong></span> <span class='ocrx_word' id='word_1_289' title='bbox 1409 2419 1550 2486; x_wconf 80' lang='lat' dir='ltr'><strong>difficile</strong></span> <span class='ocrx_word' id='word_1_290' title='bbox 1567 2430 1684 2508; x_wconf 88' lang='lat' dir='ltr'><strong>potest</strong></span> <span class='ocrx_word' id='word_1_291' title='bbox 1698 2420 1848 2511; x_wconf 89' lang='lat' dir='ltr'><strong>assequi.</strong></span> <span class='ocrx_word' id='word_1_292' title='bbox 1952 2418 2012 2488; x_wconf 88' lang='lat' dir='ltr'><strong>Vs.</strong></span> <span class='ocrx_word' id='word_1_293' title='bbox 2034 2416 2117 2488; x_wconf 93' lang='grc'><strong>174.</strong></span> <span class='ocrx_word' id='word_1_294' title='bbox 2144 2422 2205 2486; x_wconf 83' lang='lat' dir='ltr'><strong>Iu-</strong></span> 
     </span>
     <span class='ocr_line' id='line_1_22' title="bbox 174 2507 2206 2613; baseline -0.002 -21"><span class='ocrx_word' id='word_1_295' title='bbox 174 2526 315 2592; x_wconf 85' lang='lat' dir='ltr'><strong>Aeneas</strong></span> <span class='ocrx_word' id='word_1_296' title='bbox 352 2520 443 2591; x_wconf 89' lang='lat' dir='ltr'><strong>iussa</strong></span> <span class='ocrx_word' id='word_1_297' title='bbox 480 2522 638 2613; x_wconf 89' lang='lat' dir='ltr'><strong>parentis</strong></span> <span class='ocrx_word' id='word_1_298' title='bbox 669 2519 866 2613; x_wconf 79' lang='lat' dir='ltr'><strong>exequitur.</strong></span> <span class='ocrx_word' id='word_1_299' title='bbox 994 2507 1055 2587; x_wconf 83' lang='grc' dir='ltr'><strong>νε.</strong></span> <span class='ocrx_word' id='word_1_300' title='bbox 1080 2516 1165 2589; x_wconf 88' lang='grc'><strong>762.</strong></span> <span class='ocrx_word' id='word_1_301' title='bbox 1217 2531 1374 2591; x_wconf 70' lang='lat' dir='ltr'><strong>tersere</strong></span> <span class='ocrx_word' id='word_1_302' title='bbox 1392 2521 1474 2608; x_wconf 76' lang='lat' dir='ltr'><strong>oto]</strong></span> <span class='ocrx_word' id='word_1_303' title='bbox 1502 2520 1659 2588; x_wconf 90' lang='lat' dir='ltr'><strong>Misenus</strong></span> <span class='ocrx_word' id='word_1_304' title='bbox 1676 2522 1712 2585; x_wconf 93' lang='lat' dir='ltr'><strong>in</strong></span> <span class='ocrx_word' id='word_1_305' title='bbox 1729 2519 1834 2588; x_wconf 89' lang='lat' dir='ltr'><strong>undis</strong></span> <span class='ocrx_word' id='word_1_306' title='bbox 1850 2521 1967 2609; x_wconf 90' lang='lat' dir='ltr'><strong>periit.</strong></span> <span class='ocrx_word' id='word_1_307' title='bbox 2044 2518 2105 2589; x_wconf 89' lang='lat' dir='ltr'><strong>Vs.</strong></span> <span class='ocrx_word' id='word_1_308' title='bbox 2122 2518 2206 2588; x_wconf 89' lang='lat'><strong>190.</strong></span> 
     </span>
     <span class='ocr_line' id='line_1_23' title="bbox 173 2619 2207 2719; baseline -0.006 -23"><span class='ocrx_word' id='word_1_309' title='bbox 173 2630 313 2718; x_wconf 81' lang='lat' dir='ltr'><strong>lamque</strong></span> <span class='ocrx_word' id='word_1_310' title='bbox 336 2629 410 2693; x_wconf 89' lang='lat' dir='ltr'><strong>dies</strong></span> <span class='ocrx_word' id='word_1_311' title='bbox 439 2619 524 2719; x_wconf 74' lang='lat' dir='ltr'><strong>eto]</strong></span> <span class='ocrx_word' id='word_1_312' title='bbox 559 2623 696 2691; x_wconf 89' lang='lat' dir='ltr'><strong>Alludit</strong></span> <span class='ocrx_word' id='word_1_313' title='bbox 717 2625 761 2690; x_wconf 91' lang='lat' dir='ltr'><strong>ad</strong></span> <span class='ocrx_word' id='word_1_314' title='bbox 784 2620 997 2689; x_wconf 90' lang='lat' dir='ltr'><strong>novendiale</strong></span> <span class='ocrx_word' id='word_1_315' title='bbox 1024 2644 1164 2690; x_wconf 89' lang='lat' dir='ltr'><strong>sacrum</strong></span> <span class='ocrx_word' id='word_1_316' title='bbox 1191 2684 1194 2697; x_wconf 84' lang='lat'><strong>.</strong></span> <span class='ocrx_word' id='word_1_317' title='bbox 1218 2619 1404 2718; x_wconf 82' lang='lat' dir='ltr'><strong>columbae]</strong></span> <span class='ocrx_word' id='word_1_318' title='bbox 1432 2622 1627 2690; x_wconf 87' lang='lat' dir='ltr'><strong>Columbae</strong></span> <span class='ocrx_word' id='word_1_319' title='bbox 1644 2619 1775 2688; x_wconf 91' lang='lat' dir='ltr'><strong>Veneri</strong></span> <span class='ocrx_word' id='word_1_320' title='bbox 1795 2622 1931 2688; x_wconf 85' lang='lat' dir='ltr'><strong>dicatae</strong></span> <span class='ocrx_word' id='word_1_321' title='bbox 1954 2623 2000 2688; x_wconf 93' lang='lat' dir='ltr'><strong>ob</strong></span> <span class='ocrx_word' id='word_1_322' title='bbox 2024 2621 2207 2688; x_wconf 82' lang='lat' dir='ltr'><strong>foecundi-</strong></span> 
     </span>
     <span class='ocr_line' id='line_1_24' title="bbox 174 2700 2206 2820; baseline -0.004 -25"><span class='ocrx_word' id='word_1_323' title='bbox 174 2729 261 2795; x_wconf 86' lang='lat' dir='ltr'><strong>filio.</strong></span> <span class='ocrx_word' id='word_1_324' title='bbox 366 2723 426 2795; x_wconf 91' lang='lat' dir='ltr'><strong>Vs.</strong></span> <span class='ocrx_word' id='word_1_325' title='bbox 443 2725 528 2795; x_wconf 90' lang='grc'><strong>779.</strong></span> <span class='ocrx_word' id='word_1_326' title='bbox 556 2732 604 2797; x_wconf 80' lang='lat' dir='ltr'><strong>Ar</strong></span> <span class='ocrx_word' id='word_1_327' title='bbox 624 2731 735 2794; x_wconf 84' lang='lat' dir='ltr'><strong>Venus</strong></span> <span class='ocrx_word' id='word_1_328' title='bbox 759 2719 843 2820; x_wconf 75' lang='lat' dir='ltr'><strong>etc]</strong></span> <span class='ocrx_word' id='word_1_329' title='bbox 870 2722 990 2792; x_wconf 84' lang='lat' dir='ltr'><strong>Venus</strong></span> <span class='ocrx_word' id='word_1_330' title='bbox 1014 2722 1164 2793; x_wconf 89' lang='lat' dir='ltr'><strong>sollicita</strong></span> <span class='ocrx_word' id='word_1_331' title='bbox 1191 2700 1194 2785; x_wconf 88' lang='lat' dir='ltr'><strong>l</strong></span> <span class='ocrx_word' id='word_1_332' title='bbox 1219 2738 1340 2793; x_wconf 87' lang='lat' dir='ltr'><strong>tatem.</strong></span> <span class='ocrx_word' id='word_1_333' title='bbox 1462 2723 1523 2792; x_wconf 85' lang='lat' dir='ltr'><strong>Vs.</strong></span> <span class='ocrx_word' id='word_1_334' title='bbox 1542 2722 1626 2794; x_wconf 93' lang='grc'><strong>192.</strong></span> <span class='ocrx_word' id='word_1_335' title='bbox 1662 2728 1705 2792; x_wconf 82' lang='lat' dir='ltr'><strong>Et</strong></span> <span class='ocrx_word' id='word_1_336' title='bbox 1726 2727 1830 2792; x_wconf 88' lang='lat' dir='ltr'><strong>viridi</strong></span> <span class='ocrx_word' id='word_1_337' title='bbox 1854 2726 1968 2792; x_wconf 87' lang='lat' dir='ltr'><strong>sedere</strong></span> <span class='ocrx_word' id='word_1_338' title='bbox 1992 2717 2077 2816; x_wconf 76' lang='lat' dir='ltr'><strong>eto]</strong></span> <span class='ocrx_word' id='word_1_339' title='bbox 2111 2720 2206 2787; x_wconf 87' lang='lat' dir='ltr'><strong>Boni</strong></span> 
     </span>
     <span class='ocr_line' id='line_1_25' title="bbox 171 2796 2206 2918; baseline -0.002 -22"><span class='ocrx_word' id='word_1_340' title='bbox 171 2853 243 2918; x_wconf 89' lang='lat' dir='ltr'><strong>pro</strong></span> <span class='ocrx_word' id='word_1_341' title='bbox 266 2827 447 2898; x_wconf 90' lang='lat' dir='ltr'><strong>Troianis.</strong></span> <span class='ocrx_word' id='word_1_342' title='bbox 562 2827 623 2898; x_wconf 87' lang='lat' dir='ltr'><strong>Vs.</strong></span> <span class='ocrx_word' id='word_1_343' title='bbox 639 2827 725 2901; x_wconf 90' lang='grc'><strong>782.</strong></span> <span class='ocrx_word' id='word_1_344' title='bbox 761 2832 889 2916; x_wconf 60' lang='lat' dir='ltr'><strong>coeunt</strong></span> <span class='ocrx_word' id='word_1_345' title='bbox 910 2852 961 2897; x_wconf 88' lang='lat' dir='ltr'><strong>me</strong></span> <span class='ocrx_word' id='word_1_346' title='bbox 986 2826 1066 2918; x_wconf 76' lang='lat' dir='ltr'><strong>eto]</strong></span> <span class='ocrx_word' id='word_1_347' title='bbox 1099 2825 1167 2895; x_wconf 87' lang='lat' dir='ltr'><strong>Ex·</strong></span> <span class='ocrx_word' id='word_1_348' title='bbox 1191 2796 1195 2915; x_wconf 84' lang='lat'><strong>]</strong></span> <span class='ocrx_word' id='word_1_349' title='bbox 1221 2829 1351 2896; x_wconf 89' lang='lat' dir='ltr'><strong>ominis</strong></span> <span class='ocrx_word' id='word_1_350' title='bbox 1392 2839 1444 2896; x_wconf 89' lang='lat' dir='ltr'><strong>est</strong></span> <span class='ocrx_word' id='word_1_351' title='bbox 1485 2827 1523 2893; x_wconf 93' lang='lat' dir='ltr'><strong>in</strong></span> <span class='ocrx_word' id='word_1_352' title='bbox 1557 2826 1707 2916; x_wconf 82' lang='lat' dir='ltr'><strong>augurio</strong></span> <span class='ocrx_word' id='word_1_353' title='bbox 1741 2824 1862 2894; x_wconf 90' lang='lat' dir='ltr'><strong>videre</strong></span> <span class='ocrx_word' id='word_1_354' title='bbox 1894 2835 2077 2915; x_wconf 88' lang='lat' dir='ltr'><strong>pascentes</strong></span> <span class='ocrx_word' id='word_1_355' title='bbox 2112 2845 2206 2892; x_wconf 90' lang='lat' dir='ltr'><strong>aves.</strong></span> 
     </span>
     <span class='ocr_line' id='line_1_26' title="bbox 176 2922 2207 3025; baseline -0.002 -29"><span class='ocrx_word' id='word_1_356' title='bbox 176 2931 318 2997; x_wconf 87' lang='lat' dir='ltr'><strong>ordinm</strong></span> <span class='ocrx_word' id='word_1_357' title='bbox 346 2954 365 2996; x_wconf 92' lang='lat' dir='ltr'><strong>a</strong></span> <span class='ocrx_word' id='word_1_358' title='bbox 391 2930 603 3000; x_wconf 89' lang='lat' dir='ltr'><strong>necessario.</strong></span> <span class='ocrx_word' id='word_1_359' title='bbox 714 2930 774 2998; x_wconf 92' lang='lat' dir='ltr'><strong>Vs.</strong></span> <span class='ocrx_word' id='word_1_360' title='bbox 800 2928 885 2999; x_wconf 88' lang='lat'><strong>787.</strong></span> <span class='ocrx_word' id='word_1_361' title='bbox 920 2935 1062 3000; x_wconf 72' lang='lat' dir='ltr'><strong>eineres’</strong></span> <span class='ocrx_word' id='word_1_362' title='bbox 1081 2923 1166 3025; x_wconf 77' lang='lat' dir='ltr'><strong>eto]</strong></span> <span class='ocrx_word' id='word_1_363' title='bbox 1219 2929 1279 2999; x_wconf 90' lang='grc' dir='ltr'><strong>νε.</strong></span> <span class='ocrx_word' id='word_1_364' title='bbox 1309 2931 1395 3003; x_wconf 88' lang='grc'><strong>212.</strong></span> <span class='ocrx_word' id='word_1_365' title='bbox 1437 2934 1509 2999; x_wconf 85' lang='lat' dir='ltr'><strong>Nec</strong></span> <span class='ocrx_word' id='word_1_366' title='bbox 1540 2935 1654 3000; x_wconf 88' lang='lat' dir='ltr'><strong>miuus</strong></span> <span class='ocrx_word' id='word_1_367' title='bbox 1687 2931 1767 3018; x_wconf 78' lang='lat' dir='ltr'><strong>etc]</strong></span> <span class='ocrx_word' id='word_1_368' title='bbox 1796 2922 2033 3006; x_wconf 80' lang='grc' dir='ltr'><strong><em>ὑποτύπωσις</em></strong></span> <span class='ocrx_word' id='word_1_369' title='bbox 2059 2925 2207 2995; x_wconf 89' lang='lat' dir='ltr'><strong>funeris.</strong></span> 
     </span>
     <span class='ocr_line' id='line_1_27' title="bbox 174 3027 2209 3127; baseline -0.003 -27"><span class='ocrx_word' id='word_1_370' title='bbox 174 3032 428 3123; x_wconf 85' lang='lat' dir='ltr'><strong>Amplilicatio.</strong></span> <span class='ocrx_word' id='word_1_371' title='bbox 534 3032 593 3101; x_wconf 89' lang='lat' dir='ltr'><strong>Vs.</strong></span> <span class='ocrx_word' id='word_1_372' title='bbox 616 3030 702 3102; x_wconf 87' lang='grc'><strong>793.</strong></span> <span class='ocrx_word' id='word_1_373' title='bbox 738 3038 933 3104; x_wconf 82' lang='lat' dir='ltr'><strong>ecceetiam</strong></span> <span class='ocrx_word' id='word_1_374' title='bbox 957 3037 1039 3119; x_wconf 79' lang='lat' dir='ltr'><strong>eto]</strong></span> <span class='ocrx_word' id='word_1_375' title='bbox 1073 3030 1168 3100; x_wconf 90' lang='lat' dir='ltr'><strong>Invi·</strong></span> <span class='ocrx_word' id='word_1_376' title='bbox 1220 3031 1279 3102; x_wconf 89' lang='lat' dir='ltr'><strong>Vs.</strong></span> <span class='ocrx_word' id='word_1_377' title='bbox 1298 3032 1384 3106; x_wconf 90' lang='grc'><strong>219.</strong></span> <span class='ocrx_word' id='word_1_378' title='bbox 1418 3028 1565 3127; x_wconf 77' lang='lat' dir='ltr'><strong>anquut]</strong></span> <span class='ocrx_word' id='word_1_379' title='bbox 1600 3033 1804 3100; x_wconf 90' lang='lat' dir='ltr'><strong>Herodotus</strong></span> <span class='ocrx_word' id='word_1_380' title='bbox 1820 3033 1857 3098; x_wconf 93' lang='lat' dir='ltr'><strong>in</strong></span> <span class='ocrx_word' id='word_1_381' title='bbox 1872 3031 1990 3121; x_wconf 90' lang='lat' dir='ltr'><strong>primo</strong></span> <span class='ocrx_word' id='word_1_382' title='bbox 2007 3029 2099 3096; x_wconf 90' lang='lat' dir='ltr'><strong>libro</strong></span> <span class='ocrx_word' id='word_1_383' title='bbox 2123 3027 2209 3095; x_wconf 88' lang='lat' dir='ltr'><strong>facit</strong></span> 
     </span>
     <span class='ocr_line' id='line_1_28' title="bbox 176 3129 2208 3231; baseline -0.002 -27"><span class='ocrx_word' id='word_1_384' title='bbox 176 3135 275 3204; x_wconf 84' lang='lat' dir='ltr'><strong>diosc</strong></span> <span class='ocrx_word' id='word_1_385' title='bbox 292 3136 438 3202; x_wconf 86' lang='lat' dir='ltr'><strong>dictum.</strong></span> <span class='ocrx_word' id='word_1_386' title='bbox 522 3134 582 3203; x_wconf 91' lang='lat' dir='ltr'><strong>Vs.</strong></span> <span class='ocrx_word' id='word_1_387' title='bbox 600 3133 684 3204; x_wconf 87' lang='lat'><strong>796.</strong></span> <span class='ocrx_word' id='word_1_388' title='bbox 713 3139 971 3224; x_wconf 79' lang='lat' dir='ltr'><strong>Quodsuperest</strong></span> <span class='ocrx_word' id='word_1_389' title='bbox 989 3131 1073 3231; x_wconf 78' lang='lat' dir='ltr'><strong>eto]</strong></span> <span class='ocrx_word' id='word_1_390' title='bbox 1103 3135 1167 3202; x_wconf 89' lang='lat' dir='ltr'><strong>Pe·</strong></span> <span class='ocrx_word' id='word_1_391' title='bbox 1220 3136 1439 3205; x_wconf 72' lang='lat' dir='ltr'><strong>mentionem</strong></span> <span class='ocrx_word' id='word_1_392' title='bbox 1462 3138 1710 3224; x_wconf 83' lang='lat' dir='ltr'><strong>ungendorum</strong></span> <span class='ocrx_word' id='word_1_393' title='bbox 1739 3157 1942 3224; x_wconf 89' lang='lat' dir='ltr'><strong>corporum.</strong></span> <span class='ocrx_word' id='word_1_394' title='bbox 2044 3129 2105 3199; x_wconf 88' lang='lat' dir='ltr'><strong>Vs.</strong></span> <span class='ocrx_word' id='word_1_395' title='bbox 2120 3129 2208 3202; x_wconf 89' lang='grc'><strong>226.</strong></span> 
     </span>
     <span class='ocr_line' id='line_1_29' title="bbox 177 3233 2209 3333; baseline -0.003 -27"><span class='ocrx_word' id='word_1_396' title='bbox 177 3238 268 3306; x_wconf 89' lang='lat' dir='ltr'><strong>titio.</strong></span> <span class='ocrx_word' id='word_1_397' title='bbox 372 3236 432 3305; x_wconf 91' lang='lat' dir='ltr'><strong>Vs.</strong></span> <span class='ocrx_word' id='word_1_398' title='bbox 450 3236 535 3305; x_wconf 88' lang='lat'><strong>800.</strong></span> <span class='ocrx_word' id='word_1_399' title='bbox 561 3242 736 3307; x_wconf 86' lang='lat' dir='ltr'><strong>Fusomue</strong></span> <span class='ocrx_word' id='word_1_400' title='bbox 761 3248 812 3306; x_wconf 85' lang='lat' dir='ltr'><strong>est</strong></span> <span class='ocrx_word' id='word_1_401' title='bbox 835 3234 920 3332; x_wconf 75' lang='lat' dir='ltr'><strong>eto]</strong></span> <span class='ocrx_word' id='word_1_402' title='bbox 950 3237 1167 3328; x_wconf 88' lang='lat' dir='ltr'><strong>Propositio.</strong></span> <span class='ocrx_word' id='word_1_403' title='bbox 1222 3245 1401 3333; x_wconf 79' lang='lat' dir='ltr'><strong>Postquam</strong></span> <span class='ocrx_word' id='word_1_404' title='bbox 1429 3240 1566 3325; x_wconf 82' lang='lat' dir='ltr'><strong>collapsi</strong></span> <span class='ocrx_word' id='word_1_405' title='bbox 1595 3233 1679 3332; x_wconf 79' lang='lat' dir='ltr'><strong>etc]</strong></span> <span class='ocrx_word' id='word_1_406' title='bbox 1714 3235 1831 3303; x_wconf 88' lang='lat' dir='ltr'><strong>Vento</strong></span> <span class='ocrx_word' id='word_1_407' title='bbox 1856 3234 2128 3322; x_wconf 79' lang='lat' dir='ltr'><strong>extinguebatur</strong></span> <span class='ocrx_word' id='word_1_408' title='bbox 2149 3256 2209 3300; x_wconf 91' lang='lat' dir='ltr'><strong>ro-</strong></span> 
     </span>
     <span class='ocr_line' id='line_1_30' title="bbox 178 3335 2209 3434; baseline -0.001 -25"><span class='ocrx_word' id='word_1_409' title='bbox 178 3340 237 3409; x_wconf 89' lang='lat' dir='ltr'><strong>Vs.</strong></span> <span class='ocrx_word' id='word_1_410' title='bbox 253 3340 339 3407; x_wconf 92' lang='grc'><strong>801.</strong></span> <span class='ocrx_word' id='word_1_411' title='bbox 371 3345 464 3409; x_wconf 81' lang='lat' dir='ltr'><strong>Unde</strong></span> <span class='ocrx_word' id='word_1_412' title='bbox 475 3364 583 3429; x_wconf 78' lang='lat' dir='ltr'><strong>penus</strong></span> <span class='ocrx_word' id='word_1_413' title='bbox 598 3335 682 3434; x_wconf 76' lang='lat' dir='ltr'><strong>etc]</strong></span> <span class='ocrx_word' id='word_1_414' title='bbox 709 3339 829 3407; x_wconf 85' lang='lat' dir='ltr'><strong>Ratio.</strong></span> <span class='ocrx_word' id='word_1_415' title='bbox 932 3337 1008 3408; x_wconf 88' lang='lat' dir='ltr'><strong>Vss.</strong></span> <span class='ocrx_word' id='word_1_416' title='bbox 1026 3340 1099 3408; x_wconf 91' lang='grc'><strong>808</strong></span> <span class='ocrx_word' id='word_1_417' title='bbox 1115 3365 1167 3433; x_wconf 92' lang='lat' dir='ltr'><strong>sq.</strong></span> <span class='ocrx_word' id='word_1_418' title='bbox 1222 3367 1296 3430; x_wconf 80' lang='lat' dir='ltr'><strong>gus.</strong></span> <span class='ocrx_word' id='word_1_419' title='bbox 1439 3339 1499 3410; x_wconf 90' lang='lat' dir='ltr'><strong>Vs.</strong></span> <span class='ocrx_word' id='word_1_420' title='bbox 1523 3341 1610 3412; x_wconf 89' lang='grc'><strong>232.</strong></span> <span class='ocrx_word' id='word_1_421' title='bbox 1652 3335 1881 3434; x_wconf 80' lang='lat' dir='ltr'><strong>sepulchrum]</strong></span> <span class='ocrx_word' id='word_1_422' title='bbox 1922 3337 2209 3404; x_wconf 82' lang='lat' dir='ltr'><strong>Monumentum.</strong></span> 
     </span>
     <span class='ocr_line' id='line_1_31' title="bbox 178 3435 2209 3536; baseline -0.002 -25"><span class='ocrx_word' id='word_1_423' title='bbox 178 3446 315 3512; x_wconf 77' lang='lat' dir='ltr'><strong>Pelidae</strong></span> <span class='ocrx_word' id='word_1_424' title='bbox 331 3438 416 3536; x_wconf 76' lang='lat' dir='ltr'><strong>eto]</strong></span> <span class='ocrx_word' id='word_1_425' title='bbox 442 3443 581 3511; x_wconf 78' lang='lat' dir='ltr'><strong>Aeneas</strong></span> <span class='ocrx_word' id='word_1_426' title='bbox 601 3456 724 3510; x_wconf 88' lang='lat' dir='ltr'><strong>contra</strong></span> <span class='ocrx_word' id='word_1_427' title='bbox 740 3436 928 3510; x_wconf 89' lang='lat' dir='ltr'><strong>Achillem.</strong></span> <span class='ocrx_word' id='word_1_428' title='bbox 1003 3440 1064 3511; x_wconf 89' lang='lat' dir='ltr'><strong>Vs.</strong></span> <span class='ocrx_word' id='word_1_429' title='bbox 1082 3441 1168 3511; x_wconf 92' lang='grc'><strong>819.</strong></span> <span class='ocrx_word' id='word_1_430' title='bbox 1221 3443 1282 3513; x_wconf 90' lang='grc' dir='ltr'><strong>νε.</strong></span> <span class='ocrx_word' id='word_1_431' title='bbox 1299 3443 1387 3514; x_wconf 90' lang='grc'><strong>237.</strong></span> <span class='ocrx_word' id='word_1_432' title='bbox 1413 3445 1580 3532; x_wconf 79' lang='lat' dir='ltr'><strong>Spelunca</strong></span> <span class='ocrx_word' id='word_1_433' title='bbox 1597 3445 1668 3512; x_wconf 84' lang='lat' dir='ltr'><strong>alte</strong></span> <span class='ocrx_word' id='word_1_434' title='bbox 1686 3435 1768 3535; x_wconf 76' lang='lat' dir='ltr'><strong>eto]</strong></span> <span class='ocrx_word' id='word_1_435' title='bbox 1793 3440 1927 3509; x_wconf 88' lang='lat' dir='ltr'><strong>Averni</strong></span> <span class='ocrx_word' id='word_1_436' title='bbox 1952 3437 2209 3530; x_wconf 53' lang='lat' dir='ltr'><strong>descriptum).</strong></span> 
     </span>
     <span class='ocr_line' id='line_1_32' title="bbox 181 3538 2210 3640; baseline -0.002 -25"><span class='ocrx_word' id='word_1_437' title='bbox 181 3546 339 3615; x_wconf 81' lang='lat' dir='ltr'><strong>Caeruleo</strong></span> <span class='ocrx_word' id='word_1_438' title='bbox 353 3568 416 3633; x_wconf 88' lang='lat' dir='ltr'><strong>per</strong></span> <span class='ocrx_word' id='word_1_439' title='bbox 430 3541 516 3640; x_wconf 78' lang='lat' dir='ltr'><strong>eto]</strong></span> <span class='ocrx_word' id='word_1_440' title='bbox 546 3544 724 3614; x_wconf 90' lang='lat' dir='ltr'><strong>Homerus</strong></span> <span class='ocrx_word' id='word_1_441' title='bbox 740 3545 868 3634; x_wconf 89' lang='lat' dir='ltr'><strong>Odyss.</strong></span> <span class='ocrx_word' id='word_1_442' title='bbox 891 3543 951 3611; x_wconf 94' lang='lat' dir='ltr'><strong>lib.</strong></span> <span class='ocrx_word' id='word_1_443' title='bbox 967 3538 1002 3611; x_wconf 85' lang='lat'><strong>5.</strong></span> <span class='ocrx_word' id='word_1_444' title='bbox 1024 3568 1168 3615; x_wconf 88' lang='lat' dir='ltr'><strong>currum</strong></span> <span class='ocrx_word' id='word_1_445' title='bbox 1222 3545 1282 3616; x_wconf 88' lang='lat' dir='ltr'><strong>Vs.</strong></span> <span class='ocrx_word' id='word_1_446' title='bbox 1304 3546 1391 3618; x_wconf 91' lang='grc'><strong>262.</strong></span> <span class='ocrx_word' id='word_1_447' title='bbox 1433 3557 1532 3616; x_wconf 85' lang='lat' dir='ltr'><strong>antro</strong></span> <span class='ocrx_word' id='word_1_448' title='bbox 1556 3571 1593 3614; x_wconf 93' lang='lat' dir='ltr'><strong>se</strong></span> <span class='ocrx_word' id='word_1_449' title='bbox 1622 3540 1782 3638; x_wconf 84' lang='lat' dir='ltr'><strong>immisit]</strong></span> <span class='ocrx_word' id='word_1_450' title='bbox 1816 3543 2070 3636; x_wconf 82' lang='lat' dir='ltr'><strong>lngrediuntur</strong></span> <span class='ocrx_word' id='word_1_451' title='bbox 2103 3542 2210 3613; x_wconf 86' lang='lat' dir='ltr'><strong>infer-</strong></span> 
     </span>
     <span class='ocr_line' id='line_1_33' title="bbox 178 3642 2210 3744; baseline 0.001 -31"><span class='ocrx_word' id='word_1_452' title='bbox 178 3646 347 3715; x_wconf 89' lang='lat' dir='ltr'><strong>describit</strong></span> <span class='ocrx_word' id='word_1_453' title='bbox 362 3645 609 3736; x_wconf 66' lang='lat' dir='ltr'><strong>Neptuni¹⁰⁵).</strong></span> <span class='ocrx_word' id='word_1_454' title='bbox 679 3646 739 3716; x_wconf 88' lang='lat' dir='ltr'><strong>Vs.</strong></span> <span class='ocrx_word' id='word_1_455' title='bbox 756 3645 842 3717; x_wconf 90' lang='grc'><strong>823.</strong></span> <span class='ocrx_word' id='word_1_456' title='bbox 871 3642 1073 3744; x_wconf 80' lang='lat' dir='ltr'><strong>Palaemon]</strong></span> <span class='ocrx_word' id='word_1_457' title='bbox 1101 3647 1185 3713; x_wconf 64' lang='lat' dir='ltr'><strong>Pa:</strong></span> <span class='ocrx_word' id='word_1_458' title='bbox 1222 3674 1321 3718; x_wconf 91' lang='lat' dir='ltr'><strong>num.</strong></span> <span class='ocrx_word' id='word_1_459' title='bbox 1430 3647 1490 3716; x_wconf 84' lang='lat' dir='ltr'><strong>Vs.</strong></span> <span class='ocrx_word' id='word_1_460' title='bbox 1506 3646 1594 3719; x_wconf 89' lang='grc'><strong>264.</strong></span> <span class='ocrx_word' id='word_1_461' title='bbox 1631 3652 1723 3730; x_wconf 81' lang='lat' dir='ltr'><strong>Dii,</strong></span> <span class='ocrx_word' id='word_1_462' title='bbox 1747 3648 1867 3740; x_wconf 82' lang='lat' dir='ltr'><strong>quibus</strong></span> <span class='ocrx_word' id='word_1_463' title='bbox 1893 3642 1985 3743; x_wconf 75' lang='lat' dir='ltr'><strong>eto]</strong></span> <span class='ocrx_word' id='word_1_464' title='bbox 2012 3644 2210 3739; x_wconf 73' lang='lat' dir='ltr'><strong>Invocatjo.</strong></span> 
     </span>
     <span class='ocr_line' id='line_1_34' title="bbox 178 3742 2208 3844; baseline -0.001 -25"><span class='ocrx_word' id='word_1_465' title='bbox 178 3748 344 3830; x_wconf 81' lang='lat' dir='ltr'><strong>lacman,</strong></span> <span class='ocrx_word' id='word_1_466' title='bbox 377 3761 548 3837; x_wconf 90' lang='lat' dir='ltr'><strong>portuum</strong></span> <span class='ocrx_word' id='word_1_467' title='bbox 570 3749 667 3814; x_wconf 85' lang='lat' dir='ltr'><strong>deus.</strong></span> <span class='ocrx_word' id='word_1_468' title='bbox 794 3746 855 3814; x_wconf 88' lang='lat' dir='ltr'><strong>Vs.</strong></span> <span class='ocrx_word' id='word_1_469' title='bbox 882 3746 967 3820; x_wconf 89' lang='grc'><strong>824.</strong></span> <span class='ocrx_word' id='word_1_470' title='bbox 999 3742 1168 3843; x_wconf 75' lang='lat' dir='ltr'><strong>Phorcus]</strong></span> <span class='ocrx_word' id='word_1_471' title='bbox 1221 3750 1282 3819; x_wconf 83' lang='lat' dir='ltr'><strong>Vs.</strong></span> <span class='ocrx_word' id='word_1_472' title='bbox 1297 3749 1383 3822; x_wconf 90' lang='grc'><strong>274.</strong></span> <span class='ocrx_word' id='word_1_473' title='bbox 1411 3754 1559 3833; x_wconf 84' lang='lat' dir='ltr'><strong>Laetus,</strong></span> <span class='ocrx_word' id='word_1_474' title='bbox 1586 3745 1719 3844; x_wconf 77' lang='lat' dir='ltr'><strong>ueto]</strong></span> <span class='ocrx_word' id='word_1_475' title='bbox 1748 3750 1878 3818; x_wconf 87' lang='lat' dir='ltr'><strong>Herebi</strong></span> <span class='ocrx_word' id='word_1_476' title='bbox 1894 3748 1969 3818; x_wconf 81' lang='lat' dir='ltr'><strong>filii.</strong></span> <span class='ocrx_word' id='word_1_477' title='bbox 2044 3745 2105 3816; x_wconf 89' lang='lat' dir='ltr'><strong>Vs.</strong></span> <span class='ocrx_word' id='word_1_478' title='bbox 2121 3746 2208 3817; x_wconf 79' lang='lat'><strong>308.</strong></span> 
     </span>
     <span class='ocr_line' id='line_1_35' title="bbox 179 3845 2210 3946; baseline 0.001 -32"><span class='ocrx_word' id='word_1_479' title='bbox 179 3845 361 3928; x_wconf 87' lang='lat' dir='ltr'><strong>Phorcus,</strong></span> <span class='ocrx_word' id='word_1_480' title='bbox 395 3849 582 3915; x_wconf 87' lang='lat' dir='ltr'><strong>Sardiniae</strong></span> <span class='ocrx_word' id='word_1_481' title='bbox 606 3871 680 3915; x_wconf 83' lang='lat' dir='ltr'><strong>rex.</strong></span> <span class='ocrx_word' id='word_1_482' title='bbox 790 3847 851 3915; x_wconf 88' lang='lat' dir='ltr'><strong>Vs.</strong></span> <span class='ocrx_word' id='word_1_483' title='bbox 875 3845 960 3920; x_wconf 88' lang='grc'><strong>825.</strong></span> <span class='ocrx_word' id='word_1_484' title='bbox 998 3853 1114 3921; x_wconf 81' lang='lat' dir='ltr'><strong>Thetis</strong></span> <span class='ocrx_word' id='word_1_485' title='bbox 1138 3862 1171 3919; x_wconf 86' lang='lat' dir='ltr'><strong>et</strong></span> <span class='ocrx_word' id='word_1_486' title='bbox 1223 3847 1457 3946; x_wconf 81' lang='lat' dir='ltr'><strong>Impositique]</strong></span> <span class='ocrx_word' id='word_1_487' title='bbox 1482 3854 1556 3921; x_wconf 86' lang='lat' dir='ltr'><strong>llos</strong></span> <span class='ocrx_word' id='word_1_488' title='bbox 1574 3853 1765 3922; x_wconf 83' lang='lat' dir='ltr'><strong>versiculos</strong></span> <span class='ocrx_word' id='word_1_489' title='bbox 1781 3876 1888 3941; x_wconf 87' lang='lat' dir='ltr'><strong>supra</strong></span> <span class='ocrx_word' id='word_1_490' title='bbox 1904 3852 1943 3919; x_wconf 88' lang='lat' dir='ltr'><strong>in</strong></span> <span class='ocrx_word' id='word_1_491' title='bbox 1960 3850 2210 3943; x_wconf 85' lang='lat' dir='ltr'><strong>quartoGeor-</strong></span> 
     </span>
     <span class='ocr_line' id='line_1_36' title="bbox 181 3943 2268 4049; baseline 0 -30"><span class='ocrx_word' id='word_1_492' title='bbox 181 3943 323 4042; x_wconf 86' lang='lat' dir='ltr'><strong>Melite]</strong></span> <span class='ocrx_word' id='word_1_493' title='bbox 351 3945 475 4016; x_wconf 88' lang='lat' dir='ltr'><strong>Thetis</strong></span> <span class='ocrx_word' id='word_1_494' title='bbox 493 3951 537 4015; x_wconf 92' lang='lat' dir='ltr'><strong>ab</strong></span> <span class='ocrx_word' id='word_1_495' title='bbox 554 3949 682 4015; x_wconf 90' lang='lat' dir='ltr'><strong>alendo</strong></span> <span class='ocrx_word' id='word_1_496' title='bbox 707 3947 871 4026; x_wconf 91' lang='lat' dir='ltr'><strong>alumna;</strong></span> <span class='ocrx_word' id='word_1_497' title='bbox 907 3950 1028 4020; x_wconf 88' lang='lat' dir='ltr'><strong>Melite</strong></span> <span class='ocrx_word' id='word_1_498' title='bbox 1052 3978 1071 4020; x_wconf 89' lang='lat' dir='ltr'><strong>a</strong></span> <span class='ocrx_word' id='word_1_499' title='bbox 1098 3976 1171 4019; x_wconf 91' lang='lat' dir='ltr'><strong>me-</strong></span> <span class='ocrx_word' id='word_1_500' title='bbox 1224 3957 1329 4045; x_wconf 83' lang='lat' dir='ltr'><strong>gicon</strong></span> <span class='ocrx_word' id='word_1_501' title='bbox 1357 3954 1578 4049; x_wconf 77' lang='lat' dir='ltr'><strong>reperies²¹).</strong></span> <span class='ocrx_word' id='word_1_502' title='bbox 1702 3952 1762 4024; x_wconf 93' lang='lat' dir='ltr'><strong>Vs.</strong></span> <span class='ocrx_word' id='word_1_503' title='bbox 1789 3953 1874 4025; x_wconf 81' lang='grc'><strong>824.</strong></span> <span class='ocrx_word' id='word_1_504' title='bbox 1917 3956 1980 4022; x_wconf 85' lang='lat' dir='ltr'><strong>Dii</strong></span> <span class='ocrx_word' id='word_1_505' title='bbox 2006 3958 2101 4023; x_wconf 86' lang='lat' dir='ltr'><strong>cuius</strong></span> <span class='ocrx_word' id='word_1_506' title='bbox 2125 3948 2210 4048; x_wconf 86' lang='lat' dir='ltr'><strong>etc.]</strong></span> <span class='ocrx_word' id='word_1_507' title='bbox 2265 4016 2268 4020; x_wconf 86' lang='lat'><strong>.</strong></span> 
     </span>
     <span class='ocr_line' id='line_1_37' title="bbox 180 4044 2212 4147; baseline 0.004 -31"><span class='ocrx_word' id='word_1_508' title='bbox 180 4051 247 4118; x_wconf 90' lang='lat' dir='ltr'><strong>los.</strong></span> <span class='ocrx_word' id='word_1_509' title='bbox 348 4049 408 4119; x_wconf 90' lang='lat' dir='ltr'><strong>Vs.</strong></span> <span class='ocrx_word' id='word_1_510' title='bbox 427 4051 512 4122; x_wconf 90' lang='grc'><strong>826.</strong></span> <span class='ocrx_word' id='word_1_511' title='bbox 541 4044 739 4145; x_wconf 74' lang='lat' dir='ltr'><strong>Cymodoce]</strong></span> <span class='ocrx_word' id='word_1_512' title='bbox 768 4049 991 4140; x_wconf 82' lang='lat' dir='ltr'><strong>Cymodoce,</strong></span> <span class='ocrx_word' id='word_1_513' title='bbox 1018 4047 1169 4142; x_wconf 71' lang='grc' dir='ltr'><strong>εκύμα.</strong></span> <span class='ocrx_word' id='word_1_514' title='bbox 1219 4057 1310 4147; x_wconf 71' lang='lat' dir='ltr'><strong>‘Styx</strong></span> <span class='ocrx_word' id='word_1_515' title='bbox 1331 4057 1572 4123; x_wconf 87' lang='lat' dir='ltr'><strong>iuramentum</strong></span> <span class='ocrx_word' id='word_1_516' title='bbox 1596 4055 1769 4126; x_wconf 90' lang='lat' dir='ltr'><strong>Deorum.</strong></span> <span class='ocrx_word' id='word_1_517' title='bbox 1891 4055 1950 4124; x_wconf 90' lang='lat' dir='ltr'><strong>Vs.</strong></span> <span class='ocrx_word' id='word_1_518' title='bbox 1973 4055 2059 4127; x_wconf 85' lang='grc'><strong>332.</strong></span> <span class='ocrx_word' id='word_1_519' title='bbox 2094 4056 2212 4126; x_wconf 78' lang='lat' dir='ltr'><strong>Multa</strong></span> 
     </span>
     <span class='ocr_line' id='line_1_38' title="bbox 181 4146 2210 4253; baseline 0.003 -36"><span class='ocrx_word' id='word_1_520' title='bbox 181 4150 242 4219; x_wconf 88' lang='grc' dir='ltr'><strong>νε.</strong></span> <span class='ocrx_word' id='word_1_521' title='bbox 259 4146 345 4219; x_wconf 91' lang='grc'><strong>855.</strong></span> <span class='ocrx_word' id='word_1_522' title='bbox 377 4158 480 4247; x_wconf 80' lang='lat' dir='ltr'><strong>Vique</strong></span> <span class='ocrx_word' id='word_1_523' title='bbox 495 4146 704 4247; x_wconf 84' lang='lat' dir='ltr'><strong>soporatum]</strong></span> <span class='ocrx_word' id='word_1_524' title='bbox 734 4151 795 4220; x_wconf 90' lang='lat' dir='ltr'><strong>Vis</strong></span> <span class='ocrx_word' id='word_1_525' title='bbox 810 4151 939 4220; x_wconf 89' lang='lat' dir='ltr'><strong>somni.</strong></span> <span class='ocrx_word' id='word_1_526' title='bbox 1004 4151 1065 4221; x_wconf 88' lang='lat' dir='ltr'><strong>Vs.</strong></span> <span class='ocrx_word' id='word_1_527' title='bbox 1086 4150 1171 4222; x_wconf 89' lang='grc'><strong>864.</strong></span> <span class='ocrx_word' id='word_1_528' title='bbox 1222 4153 1448 4251; x_wconf 71' lang='lat' dir='ltr'><strong>pertensem]</strong></span> <span class='ocrx_word' id='word_1_529' title='bbox 1476 4152 1612 4235; x_wconf 77' lang='grc' dir='ltr'><strong>πάθος.</strong></span> <span class='ocrx_word' id='word_1_530' title='bbox 1701 4157 1762 4225; x_wconf 91' lang='lat' dir='ltr'><strong>Vs.</strong></span> <span class='ocrx_word' id='word_1_531' title='bbox 1777 4158 1871 4228; x_wconf 83' lang='grc'><strong>363.</strong></span> <span class='ocrx_word' id='word_1_532' title='bbox 1892 4161 1986 4243; x_wconf 86' lang='lat' dir='ltr'><strong>Quod</strong></span> <span class='ocrx_word' id='word_1_533' title='bbox 1999 4168 2032 4227; x_wconf 82' lang='lat' dir='ltr'><strong>te</strong></span> <span class='ocrx_word' id='word_1_534' title='bbox 2045 4181 2106 4246; x_wconf 89' lang='lat' dir='ltr'><strong>per</strong></span> <span class='ocrx_word' id='word_1_535' title='bbox 2124 4151 2210 4253; x_wconf 79' lang='lat' dir='ltr'><strong>eto]</strong></span> 
     </span>
     <span class='ocr_line' id='line_1_39' title="bbox 179 4251 2212 4352; baseline -0 -27"><span class='ocrx_word' id='word_1_536' title='bbox 179 4251 364 4350; x_wconf 83' lang='lat' dir='ltr'><strong>Sirenum]</strong></span> <span class='ocrx_word' id='word_1_537' title='bbox 399 4254 540 4324; x_wconf 84' lang='lat' dir='ltr'><strong>Sirenes</strong></span> <span class='ocrx_word' id='word_1_538' title='bbox 566 4267 725 4324; x_wconf 88' lang='lat' dir='ltr'><strong>monstra</strong></span> <span class='ocrx_word' id='word_1_539' title='bbox 750 4253 902 4320; x_wconf 89' lang='lat' dir='ltr'><strong>marina.</strong></span> <span class='ocrx_word' id='word_1_540' title='bbox 1005 4252 1066 4322; x_wconf 88' lang='lat' dir='ltr'><strong>Vs.</strong></span> <span class='ocrx_word' id='word_1_541' title='bbox 1085 4251 1171 4322; x_wconf 89' lang='grc'><strong>865.</strong></span> <span class='ocrx_word' id='word_1_542' title='bbox 1225 4259 1402 4328; x_wconf 77' lang='lat' dir='ltr'><strong>Precatio.</strong></span> <span class='ocrx_word' id='word_1_543' title='bbox 1474 4256 1536 4325; x_wconf 85' lang='lat' dir='ltr'><strong>Vs.</strong></span> <span class='ocrx_word' id='word_1_544' title='bbox 1553 4256 1639 4327; x_wconf 90' lang='grc'><strong>398.</strong></span> <span class='ocrx_word' id='word_1_545' title='bbox 1668 4261 1866 4347; x_wconf 81' lang='lat' dir='ltr'><strong>Amphrisia</strong></span> <span class='ocrx_word' id='word_1_546' title='bbox 1880 4254 1989 4352; x_wconf 85' lang='lat' dir='ltr'><strong>cates]</strong></span> <span class='ocrx_word' id='word_1_547' title='bbox 2005 4260 2212 4349; x_wconf 89' lang='lat' dir='ltr'><strong>Apollinca;</strong></span> 
     </span>
     <span class='ocr_line' id='line_1_40' title="bbox 182 4352 2214 4453; baseline 0.002 -29"><span class='ocrx_word' id='word_1_548' title='bbox 182 4355 352 4445; x_wconf 76' lang='lat' dir='ltr'><strong>Difficiles</strong></span> <span class='ocrx_word' id='word_1_549' title='bbox 381 4352 565 4453; x_wconf 81' lang='lat' dir='ltr'><strong>quondum]</strong></span> <span class='ocrx_word' id='word_1_550' title='bbox 608 4357 691 4450; x_wconf 92' lang='lat' dir='ltr'><strong>quia</strong></span> <span class='ocrx_word' id='word_1_551' title='bbox 721 4357 858 4448; x_wconf 77' lang='lat' dir='ltr'><strong>Ulyssis</strong></span> <span class='ocrx_word' id='word_1_552' title='bbox 889 4355 1004 4426; x_wconf 89' lang='lat' dir='ltr'><strong>socios</strong></span> <span class='ocrx_word' id='word_1_553' title='bbox 1032 4355 1173 4425; x_wconf 86' lang='lat' dir='ltr'><strong>Sirenes</strong></span> <span class='ocrx_word' id='word_1_554' title='bbox 1225 4356 1451 4451; x_wconf 87' lang='lat' dir='ltr'><strong>Amphrisius</strong></span> <span class='ocrx_word' id='word_1_555' title='bbox 1474 4371 1592 4426; x_wconf 84' lang='lat' dir='ltr'><strong>autern</strong></span> <span class='ocrx_word' id='word_1_556' title='bbox 1622 4359 1750 4429; x_wconf 89' lang='lat' dir='ltr'><strong>fluvius</strong></span> <span class='ocrx_word' id='word_1_557' title='bbox 1774 4357 1978 4430; x_wconf 88' lang='lat' dir='ltr'><strong>Thessaliae</strong></span> <span class='ocrx_word' id='word_1_558' title='bbox 2006 4374 2075 4441; x_wconf 89' lang='lat' dir='ltr'><strong>est,</strong></span> <span class='ocrx_word' id='word_1_559' title='bbox 2118 4361 2214 4451; x_wconf 92' lang='lat' dir='ltr'><strong>apud</strong></span> 
     </span>
     <span class='ocr_line' id='line_1_41' title="bbox 184 4460 2213 4556; baseline 0.002 -31"><span class='ocrx_word' id='word_1_560' title='bbox 184 4460 416 4527; x_wconf 88' lang='lat' dir='ltr'><strong>devorarunt.</strong></span> <span class='ocrx_word' id='word_1_561' title='bbox 833 4477 838 4487; x_wconf 86' lang='lat'>&#39;</span> <span class='ocrx_word' id='word_1_562' title='bbox 1227 4486 1332 4556; x_wconf 90' lang='lat' dir='ltr'><strong>quem</strong></span> <span class='ocrx_word' id='word_1_563' title='bbox 1349 4461 1479 4551; x_wconf 90' lang='lat' dir='ltr'><strong>Apollo</strong></span> <span class='ocrx_word' id='word_1_564' title='bbox 1497 4461 1683 4528; x_wconf 88' lang='lat' dir='ltr'><strong>divinitate</strong></span> <span class='ocrx_word' id='word_1_565' title='bbox 1701 4474 1752 4530; x_wconf 88' lang='lat' dir='ltr'><strong>est</strong></span> <span class='ocrx_word' id='word_1_566' title='bbox 1765 4463 1937 4551; x_wconf 79' lang='lat' dir='ltr'><strong>privatus.</strong></span> <span class='ocrx_word' id='word_1_567' title='bbox 2048 4460 2108 4531; x_wconf 84' lang='lat' dir='ltr'><strong>Vs.</strong></span> <span class='ocrx_word' id='word_1_568' title='bbox 2125 4460 2213 4534; x_wconf 87' lang='grc'><strong>429.</strong></span> 
     </span>
     <span class='ocr_line' id='line_1_42' title="bbox 591 4559 2213 4660; baseline -0.002 -24"><span class='ocrx_word' id='word_1_569' title='bbox 591 4630 599 4645; x_wconf 84' lang='lat'><strong>,</strong></span> <span class='ocrx_word' id='word_1_570' title='bbox 741 4631 749 4646; x_wconf 84' lang='grc'>,</span> <span class='ocrx_word' id='word_1_571' title='bbox 1226 4566 1376 4635; x_wconf 81' lang='lat' dir='ltr'><strong>Abstulit</strong></span> <span class='ocrx_word' id='word_1_572' title='bbox 1398 4576 1476 4633; x_wconf 86' lang='lat' dir='ltr'><strong>atra</strong></span> <span class='ocrx_word' id='word_1_573' title='bbox 1501 4559 1587 4660; x_wconf 76' lang='lat' dir='ltr'><strong>eto]</strong></span> <span class='ocrx_word' id='word_1_574' title='bbox 1615 4560 1845 4660; x_wconf 81' lang='grc' dir='ltr'><strong>περίφρασις.</strong></span> <span class='ocrx_word' id='word_1_575' title='bbox 1949 4563 2010 4634; x_wconf 87' lang='grc' dir='ltr'><strong>νε.</strong></span> <span class='ocrx_word' id='word_1_576' title='bbox 2029 4561 2115 4634; x_wconf 90' lang='grc'><strong>456.</strong></span> <span class='ocrx_word' id='word_1_577' title='bbox 2147 4568 2213 4634; x_wconf 80' lang='lat' dir='ltr'><strong>In·</strong></span> 
     </span>
    </p>

    <p class='ocr_par' dir='ltr' id='par_1_5' title="bbox 384 4626 2278 4763">
     <span class='ocr_line' id='line_1_43' title="bbox 384 4626 2278 4763; baseline -0.002 -26"><span class='ocrx_word' id='word_1_578' title='bbox 384 4626 431 4695; x_wconf 72' lang='lat'><strong>¹¹¹</strong></span> <span class='ocrx_word' id='word_1_579' title='bbox 458 4632 691 4699; x_wconf 57' lang='lat' dir='ltr'><strong>²l⁰¹¹⁰¹d⁰⁸</strong></span> <span class='ocrx_word' id='word_1_580' title='bbox 716 4632 896 4700; x_wconf 63' lang='lat' dir='ltr'>hb‘um</span> <span class='ocrx_word' id='word_1_581' title='bbox 917 4628 977 4699; x_wconf 73' lang='lat' dir='ltr'><strong>Vl·</strong></span> <span class='ocrx_word' id='word_1_582' title='bbox 1222 4668 1314 4758; x_wconf 75' lang='lat' dir='ltr'><strong>felix</strong></span> <span class='ocrx_word' id='word_1_583' title='bbox 1329 4662 1439 4763; x_wconf 85' lang='lat' dir='ltr'><strong>Dido]</strong></span> <span class='ocrx_word' id='word_1_584' title='bbox 1466 4660 1601 4746; x_wconf 79' lang='grc' dir='ltr'><strong>πάθος.</strong></span> <span class='ocrx_word' id='word_1_585' title='bbox 1706 4664 1765 4734; x_wconf 92' lang='lat' dir='ltr'><strong>Vs.</strong></span> <span class='ocrx_word' id='word_1_586' title='bbox 1781 4663 1866 4736; x_wconf 83' lang='lat'><strong>459.</strong></span> <span class='ocrx_word' id='word_1_587' title='bbox 1892 4672 1962 4736; x_wconf 88' lang='lat' dir='ltr'><strong>Per</strong></span> <span class='ocrx_word' id='word_1_588' title='bbox 1977 4692 2112 4756; x_wconf 87' lang='lat' dir='ltr'><strong>superos</strong></span> <span class='ocrx_word' id='word_1_589' title='bbox 2127 4660 2213 4762; x_wconf 79' lang='lat' dir='ltr'><strong>eto]</strong></span> <span class='ocrx_word' id='word_1_590' title='bbox 2259 4662 2278 4763; x_wconf 25' lang='lat'><strong>,¹</strong></span> 
     </span>
    </p>

    <p class='ocr_par' dir='ltr' id='par_1_6' title="bbox 288 4758 2212 4866">
     <span class='ocr_line' id='line_1_44' title="bbox 288 4758 2212 4866; baseline 0.003 -37"><span class='ocrx_word' id='word_1_591' title='bbox 288 4758 349 4829; x_wconf 88' lang='grc' dir='ltr'><strong>νε.</strong></span> <span class='ocrx_word' id='word_1_592' title='bbox 385 4763 419 4829; x_wconf 92' lang='grc'><strong>1.</strong></span> <span class='ocrx_word' id='word_1_593' title='bbox 472 4766 533 4832; x_wconf 82' lang='lat' dir='ltr'><strong>Sic</strong></span> <span class='ocrx_word' id='word_1_594' title='bbox 562 4760 679 4860; x_wconf 77' lang='lat' dir='ltr'><strong>fatur]</strong></span> <span class='ocrx_word' id='word_1_595' title='bbox 726 4764 811 4833; x_wconf 93' lang='lat' dir='ltr'><strong>Pius</strong></span> <span class='ocrx_word' id='word_1_596' title='bbox 845 4764 987 4834; x_wconf 85' lang='lat' dir='ltr'><strong>Aeneae</strong></span> <span class='ocrx_word' id='word_1_597' title='bbox 1021 4761 1173 4831; x_wconf 73' lang='lat' dir='ltr'><strong>animus·</strong></span> <span class='ocrx_word' id='word_1_598' title='bbox 1226 4770 1410 4860; x_wconf 82' lang='lat' dir='ltr'><strong>Purgatio.</strong></span> <span class='ocrx_word' id='word_1_599' title='bbox 1530 4767 1589 4838; x_wconf 91' lang='lat' dir='ltr'><strong>Vs.</strong></span> <span class='ocrx_word' id='word_1_600' title='bbox 1610 4766 1695 4838; x_wconf 92' lang='grc'><strong>470.</strong></span> <span class='ocrx_word' id='word_1_601' title='bbox 1730 4773 1859 4857; x_wconf 83' lang='lat' dir='ltr'><strong>incepto</strong></span> <span class='ocrx_word' id='word_1_602' title='bbox 1886 4766 2032 4866; x_wconf 73' lang='lat' dir='ltr'><strong>arelium]</strong></span> <span class='ocrx_word' id='word_1_603' title='bbox 2067 4767 2212 4839; x_wconf 86' lang='lat' dir='ltr'><strong>Graeci-</strong></span> 
     </span>
    </p>

    <p class='ocr_par' dir='ltr' id='par_1_7' title="bbox 185 4859 2213 5165">
     <span class='ocr_line' id='line_1_45' title="bbox 187 4859 2213 4970; baseline 0.004 -42"><span class='ocrx_word' id='word_1_604' title='bbox 187 4859 247 4929; x_wconf 89' lang='lat' dir='ltr'><strong>Vs.</strong></span> <span class='ocrx_word' id='word_1_605' title='bbox 267 4859 324 4931; x_wconf 91' lang='grc'><strong>14.</strong></span> <span class='ocrx_word' id='word_1_606' title='bbox 352 4859 545 4960; x_wconf 83' lang='lat' dir='ltr'><strong>Daedalus]</strong></span> <span class='ocrx_word' id='word_1_607' title='bbox 571 4865 705 4934; x_wconf 84' lang='lat' dir='ltr'><strong>Fabula</strong></span> <span class='ocrx_word' id='word_1_608' title='bbox 726 4868 769 4934; x_wconf 91' lang='lat' dir='ltr'><strong>de</strong></span> <span class='ocrx_word' id='word_1_609' title='bbox 783 4866 957 4935; x_wconf 90' lang='lat' dir='ltr'><strong>Daedalo.</strong></span> <span class='ocrx_word' id='word_1_610' title='bbox 1035 4864 1173 4937; x_wconf 84' lang='grc' dir='ltr'><strong>νε.22.</strong></span> <span class='ocrx_word' id='word_1_611' title='bbox 1227 4896 1334 4941; x_wconf 74' lang='lat' dir='ltr'><strong>sinus.</strong></span> <span class='ocrx_word' id='word_1_612' title='bbox 1422 4868 1481 4939; x_wconf 89' lang='lat' dir='ltr'><strong>Vs.</strong></span> <span class='ocrx_word' id='word_1_613' title='bbox 1499 4869 1585 4939; x_wconf 88' lang='grc'><strong>479.</strong></span> <span class='ocrx_word' id='word_1_614' title='bbox 1612 4875 1680 4939; x_wconf 85' lang='grc' dir='ltr'><strong>Ηὶε</strong></span> <span class='ocrx_word' id='word_1_615' title='bbox 1696 4872 1750 4939; x_wconf 86' lang='lat' dir='ltr'><strong>illi</strong></span> <span class='ocrx_word' id='word_1_616' title='bbox 1772 4878 1917 4943; x_wconf 84' lang='lat' dir='ltr'><strong>occurrit</strong></span> <span class='ocrx_word' id='word_1_617' title='bbox 1938 4870 2020 4970; x_wconf 82' lang='lat' dir='ltr'><strong>eto]</strong></span> <span class='ocrx_word' id='word_1_618' title='bbox 2049 4873 2213 4940; x_wconf 88' lang='lat' dir='ltr'><strong>Comme·</strong></span> 
     </span>
     <span class='ocr_line' id='line_1_46' title="bbox 185 4960 2212 5064; baseline 0.003 -33"><span class='ocrx_word' id='word_1_619' title='bbox 185 4960 295 5058; x_wconf 87' lang='lat' dir='ltr'><strong>arua]</strong></span> <span class='ocrx_word' id='word_1_620' title='bbox 320 4964 392 5031; x_wconf 86' lang='lat' dir='ltr'><strong>Uhi</strong></span> <span class='ocrx_word' id='word_1_621' title='bbox 410 4967 651 5035; x_wconf 89' lang='lat' dir='ltr'><strong>sortiebantur</strong></span> <span class='ocrx_word' id='word_1_622' title='bbox 667 4967 834 5047; x_wconf 82' lang='lat' dir='ltr'><strong>iuvenes,</strong></span> <span class='ocrx_word' id='word_1_623' title='bbox 862 4969 941 5060; x_wconf 88' lang='lat' dir='ltr'><strong>quis</strong></span> <span class='ocrx_word' id='word_1_624' title='bbox 966 4993 1003 5037; x_wconf 88' lang='lat' dir='ltr'><strong>se</strong></span> <span class='ocrx_word' id='word_1_625' title='bbox 1026 4968 1174 5056; x_wconf 89' lang='lat' dir='ltr'><strong>permit·</strong></span> <span class='ocrx_word' id='word_1_626' title='bbox 1228 4985 1346 5042; x_wconf 72' lang='lat' dir='ltr'><strong>morat</strong></span> <span class='ocrx_word' id='word_1_627' title='bbox 1365 4996 1443 5054; x_wconf 83' lang='lat' dir='ltr'><strong>eos,</strong></span> <span class='ocrx_word' id='word_1_628' title='bbox 1471 4972 1533 5064; x_wconf 87' lang='lat' dir='ltr'><strong>qui</strong></span> <span class='ocrx_word' id='word_1_629' title='bbox 1552 4975 1598 5040; x_wconf 82' lang='lat' dir='ltr'><strong>ad</strong></span> <span class='ocrx_word' id='word_1_630' title='bbox 1613 4969 1755 5043; x_wconf 84' lang='lat' dir='ltr'><strong>Thebas</strong></span> <span class='ocrx_word' id='word_1_631' title='bbox 1771 4977 1978 5045; x_wconf 80' lang='lat' dir='ltr'><strong>occubuere.</strong></span> <span class='ocrx_word' id='word_1_632' title='bbox 2050 4972 2110 5043; x_wconf 90' lang='lat' dir='ltr'><strong>Vs.</strong></span> <span class='ocrx_word' id='word_1_633' title='bbox 2126 4965 2212 5042; x_wconf 85' lang='grc'><strong>484.</strong></span> 
     </span>
     <span class='ocr_line' id='line_1_47' title="bbox 185 5065 1174 5165; baseline 0.006 -35"><span class='ocrx_word' id='word_1_634' title='bbox 185 5077 277 5132; x_wconf 87' lang='lat' dir='ltr'><strong>teret</strong></span> <span class='ocrx_word' id='word_1_635' title='bbox 291 5069 468 5137; x_wconf 87' lang='lat' dir='ltr'><strong>devorari.</strong></span> <span class='ocrx_word' id='word_1_636' title='bbox 562 5068 640 5138; x_wconf 90' lang='lat' dir='ltr'><strong>Vss.</strong></span> <span class='ocrx_word' id='word_1_637' title='bbox 656 5069 706 5140; x_wconf 92' lang='grc'><strong>27</strong></span> <span class='ocrx_word' id='word_1_638' title='bbox 722 5094 800 5160; x_wconf 86' lang='lat' dir='ltr'><strong>sqq.</strong></span> <span class='ocrx_word' id='word_1_639' title='bbox 827 5074 894 5139; x_wconf 83' lang='lat' dir='ltr'><strong>Hic</strong></span> <span class='ocrx_word' id='word_1_640' title='bbox 906 5072 1000 5139; x_wconf 83' lang='lat' dir='ltr'><strong>labor</strong></span> <span class='ocrx_word' id='word_1_641' title='bbox 1016 5071 1073 5139; x_wconf 87' lang='lat' dir='ltr'><strong>ille</strong></span> <span class='ocrx_word' id='word_1_642' title='bbox 1089 5065 1174 5165; x_wconf 80' lang='lat' dir='ltr'><strong>etc]</strong></span> 
     </span>
    </p>
   </div>
   <div class='ocr_carea' id='block_1_5' title="bbox 185 5162 1175 5262">
    <p class='ocr_par' dir='ltr' id='par_1_8' title="bbox 185 5162 1175 5262">
     <span class='ocr_line' id='line_1_48' title="bbox 185 5162 1175 5262; baseline 0.016 -39"><span class='ocrx_word' id='word_1_643' title='bbox 185 5162 440 5255; x_wconf 75' lang='lat' dir='ltr'><strong>Labyrinthus.</strong></span> <span class='ocrx_word' id='word_1_644' title='bbox 557 5171 616 5240; x_wconf 90' lang='grc' dir='ltr'><strong>νε.</strong></span> <span class='ocrx_word' id='word_1_645' title='bbox 634 5168 695 5242; x_wconf 89' lang='grc'><strong>42.</strong></span> <span class='ocrx_word' id='word_1_646' title='bbox 723 5175 890 5240; x_wconf 74' lang='lat' dir='ltr'><strong>Excisum</strong></span> <span class='ocrx_word' id='word_1_647' title='bbox 907 5175 1070 5240; x_wconf 82' lang='lat' dir='ltr'><strong>Euboicae</strong></span> <span class='ocrx_word' id='word_1_648' title='bbox 1093 5173 1175 5262; x_wconf 67' lang='lat' dir='ltr'><strong>eno]</strong></span> 
     </span>
    </p>
   </div>
   <div class='ocr_carea' id='block_1_6' title="bbox 185 5258 2211 5382">
    <p class='ocr_par' dir='ltr' id='par_1_9' title="bbox 185 5258 2211 5382">
     <span class='ocr_line' id='line_1_49' title="bbox 185 5258 2211 5382; baseline 0.003 -51"><span class='ocrx_word' id='word_1_649' title='bbox 185 5263 385 5356; x_wconf 89' lang='lat' dir='ltr'><strong>Descriptio</strong></span> <span class='ocrx_word' id='word_1_650' title='bbox 409 5273 521 5354; x_wconf 44' lang='lat' dir='ltr'><strong>antri..</strong></span> <span class='ocrx_word' id='word_1_651' title='bbox 626 5272 702 5342; x_wconf 89' lang='lat' dir='ltr'><strong>Vss.</strong></span> <span class='ocrx_word' id='word_1_652' title='bbox 720 5270 769 5341; x_wconf 90' lang='grc'><strong>46</strong></span> <span class='ocrx_word' id='word_1_653' title='bbox 784 5298 862 5366; x_wconf 90' lang='lat' dir='ltr'><strong>sqq.</strong></span> <span class='ocrx_word' id='word_1_654' title='bbox 889 5278 982 5343; x_wconf 81' lang='lat' dir='ltr'><strong>Deus</strong></span> <span class='ocrx_word' id='word_1_655' title='bbox 1001 5297 1073 5343; x_wconf 85' lang='lat' dir='ltr'><strong>ecoe</strong></span> <span class='ocrx_word' id='word_1_656' title='bbox 1094 5272 1175 5361; x_wconf 75' lang='lat' dir='ltr'><strong>etc]</strong></span> <span class='ocrx_word' id='word_1_657' title='bbox 1262 5264 1492 5382; x_wconf 55' lang='lat' dir='ltr'><strong>²⁰]5ggffjlffl·</strong></span> <span class='ocrx_word' id='word_1_658' title='bbox 1509 5261 1648 5381; x_wconf 51' lang='lat' dir='ltr'><strong>Jgefilstl·</strong></span> <span class='ocrx_word' id='word_1_659' title='bbox 1669 5263 1743 5312; x_wconf 65' lang='lat'><strong>¹⁶⁴⁷·</strong></span> <span class='ocrx_word' id='word_1_660' title='bbox 1770 5266 1799 5312; x_wconf 76' lang='lat' dir='ltr'><strong>et</strong></span> <span class='ocrx_word' id='word_1_661' title='bbox 1821 5265 1895 5328; x_wconf 66' lang='lat'><strong>⁸¹⁰3·</strong></span> <span class='ocrx_word' id='word_1_662' title='bbox 1921 5262 2041 5326; x_wconf 74' lang='lat' dir='ltr'><strong>tegitur.</strong></span> <span class='ocrx_word' id='word_1_663' title='bbox 2076 5261 2104 5310; x_wconf 75' lang='lat'><strong>¹¹¹</strong></span> <span class='ocrx_word' id='word_1_664' title='bbox 2127 5258 2211 5310; x_wconf 59' lang='lat' dir='ltr'><strong>mm·</strong></span> 
     </span>
    </p>
   </div>
   <div class='ocr_carea' id='block_1_7' title="bbox 1234 5152 1444 5165">
    <p class='ocr_par' dir='ltr' id='par_1_10' title="bbox 1234 5152 1444 5165">
     <span class='ocr_line' id='line_1_50' title="bbox 1234 5152 1444 5165; baseline -0.014 0"><span class='ocrx_word' id='word_1_665' title='bbox 1234 5152 1444 5165; x_wconf 62' lang='lat' dir='ltr'><strong>-n-t.-—--.-—-</strong></span> 
     </span>
    </p>
   </div>
   <div class='ocr_carea' id='block_1_8' title="bbox 187 5406 395 5420">
    <p class='ocr_par' dir='ltr' id='par_1_11' title="bbox 187 5406 395 5420">
     <span class='ocr_line' id='line_1_51' title="bbox 187 5406 395 5420; baseline 0 -2"><span class='ocrx_word' id='word_1_666' title='bbox 187 5406 395 5420; x_wconf 65' lang='grc' dir='ltr'><strong>’.αισι-ι...-</strong></span> 
     </span>
    </p>
   </div>
   <div class='ocr_carea' id='block_1_9' title="bbox 222 5427 2210 5572">
    <p class='ocr_par' dir='ltr' id='par_1_12' title="bbox 222 5427 2210 5572">
     <span class='ocr_line' id='line_1_52' title="bbox 1263 5427 2210 5498; baseline -0.006 -16"><span class='ocrx_word' id='word_1_667' title='bbox 1263 5431 1311 5498; x_wconf 76' lang='lat'><strong>21)</strong></span> <span class='ocrx_word' id='word_1_668' title='bbox 1329 5432 1409 5496; x_wconf 79' lang='lat' dir='ltr'><strong>virg.</strong></span> <span class='ocrx_word' id='word_1_669' title='bbox 1433 5435 1501 5481; x_wconf 79' lang='lat' dir='ltr'><strong>Aen.</strong></span> <span class='ocrx_word' id='word_1_670' title='bbox 1519 5431 1569 5495; x_wconf 80' lang='lat' dir='ltr'><strong>Vl,</strong></span> <span class='ocrx_word' id='word_1_671' title='bbox 1586 5429 1638 5479; x_wconf 73' lang='grc'><strong>3116</strong></span> <span class='ocrx_word' id='word_1_672' title='bbox 1650 5455 1685 5464; x_wconf 93' lang='grc'>-</span> <span class='ocrx_word' id='word_1_673' title='bbox 1694 5429 1754 5481; x_wconf 72' lang='grc'><strong>1118.</strong></span> <span class='ocrx_word' id='word_1_674' title='bbox 1780 5429 1815 5478; x_wconf 82' lang='lat' dir='ltr'><strong>ott</strong></span> <span class='ocrx_word' id='word_1_675' title='bbox 1840 5431 1952 5480; x_wconf 79' lang='lat' dir='ltr'><strong>veroum</strong></span> <span class='ocrx_word' id='word_1_676' title='bbox 1976 5427 2130 5489; x_wconf 70' lang='lat' dir='ltr'><strong>cormunt</strong></span> <span class='ocrx_word' id='word_1_677' title='bbox 2148 5437 2210 5476; x_wconf 81' lang='lat' dir='ltr'><strong>can</strong></span> 
     </span>
     <span class='ocr_line' id='line_1_53' title="bbox 222 5497 1640 5572; baseline -0.002 -24"><span class='ocrx_word' id='word_1_678' title='bbox 222 5500 296 5557; x_wconf 72' lang='grc'><strong>191)</strong></span> <span class='ocrx_word' id='word_1_679' title='bbox 314 5500 394 5552; x_wconf 78' lang='lat' dir='ltr'><strong>cont.</strong></span> <span class='ocrx_word' id='word_1_680' title='bbox 415 5503 496 5554; x_wconf 77' lang='lat' dir='ltr'><strong>etiam</strong></span> <span class='ocrx_word' id='word_1_681' title='bbox 513 5504 590 5556; x_wconf 78' lang='lat' dir='ltr'><strong>Hom.</strong></span> <span class='ocrx_word' id='word_1_682' title='bbox 608 5507 640 5556; x_wconf 91' lang='lat' dir='ltr'><strong>u.</strong></span> <span class='ocrx_word' id='word_1_683' title='bbox 655 5506 729 5572; x_wconf 79' lang='lat' dir='ltr'><strong>xm,</strong></span> <span class='ocrx_word' id='word_1_684' title='bbox 747 5505 782 5557; x_wconf 69' lang='lat'><strong>2³</strong></span> <span class='ocrx_word' id='word_1_685' title='bbox 798 5518 856 5567; x_wconf 77' lang='lat' dir='ltr'><strong>sqq.</strong></span> <span class='ocrx_word' id='word_1_686' title='bbox 1300 5501 1400 5566; x_wconf 73' lang='lat' dir='ltr'><strong>Georg.</strong></span> <span class='ocrx_word' id='word_1_687' title='bbox 1417 5500 1467 5558; x_wconf 80' lang='lat' dir='ltr'><strong>lv,</strong></span> <span class='ocrx_word' id='word_1_688' title='bbox 1485 5497 1640 5550; x_wconf 72' lang='lat' dir='ltr'><strong>tto-m.</strong></span> 
     </span>
    </p>
   </div>
   <div class='ocr_carea' id='block_1_10' title="bbox 1614 5560 1705 5637">
    <p class='ocr_par' dir='ltr' id='par_1_13' title="bbox 1614 5560 1705 5637">
     <span class='ocr_line' id='line_1_54' title="bbox 1614 5560 1705 5637; baseline -0.044 0"><span class='ocrx_word' id='word_1_689' title='bbox 1614 5560 1705 5637; x_wconf 72' lang='lat'><strong>29*</strong></span> 
     </span>
    </p>
   </div>
   <div class='ocr_carea' id='block_1_11' title="bbox 0 0 2401 6240">
    <p class='ocr_par' dir='ltr' id='par_1_14' title="bbox 0 0 2401 6240">
     <span class='ocr_line' id='line_1_55' title="bbox 0 0 2401 6240; baseline 0 0"><span class='ocrx_word' id='word_1_690' title='bbox 0 0 2401 6240; x_wconf 95' lang='lat' dir='ltr'><strong> </strong></span> 
     </span>
    </p>
   </div>
  </div>
 </body>
</html>
