4778 6240
59 290 137 377 397
280 277 282 282 Α
521 282 741 357 LXXXVIII.
792 281 1077 358 ENARRATIO
1110 283 1392 359 GEORGIGON
1426 284 1632 357 VIRGlLll.
2015 295 2091 366 398

59 462 176 533 multa
193 467 376 536 armenta,
405 453 946 547 quibuspraesecitApollinem.
981 450 1052 522 Ra·
1076 489 1080 609 y
1104 456 1210 528 salus.
1261 453 1313 523 lta
1332 454 1502 526 Hercules
1515 459 1595 548 plus
1612 455 1729 547 potuit
1746 480 1853 549 quam
1871 457 1933 523 alii
1956 482 2090 534 omnes.

60 565 113 633 tio
129 560 272 631 fabulae
290 555 392 626 reddi
409 581 484 624 non
502 571 630 649 potest.
1103 556 1200 625 ilaec
1226 569 1278 625 est
1300 570 1429 627 natura
1454 558 1635 640 Heroum,
1669 581 1758 650 quos
1781 559 1871 648 regit
1891 557 2009 645 Deus,
2040 563 2093 631 illi

163 661 224 732 Vs.
241 661 292 731 3.Δ
311 660 465 750 caetera]
492 658 528 728 id
554 672 627 742 cst,
661 657 752 727 aliae
774 656 945 738 materiae
969 679 1053 725 con·
1103 671 1187 728 sunt
1200 672 1372 751 tanquam
1392 659 1559 750 sagittae,
1584 672 1625 729 ut
1640 658 1842 753 Psalmus⁴)
1860 660 1989 753 inquit.
2041 661 2092 734 lta

62 764 214 855 scriptae
235 773 318 831 sunt
336 762 381 829 ab
397 761 487 829 aliis.
1102 761 1306 831 Alexander
1336 762 1462 831 volitat
1495 785 1561 853 per
1593 774 1708 829 totum
1739 763 1883 843 orbem,
1918 762 2092 856 tanquam

162 863 223 934 Vs.
243 862 278 932 4.
308 865 430 934 Omnia
446 855 683 955 tomoutpota]
711 857 826 948 Cupio
852 855 944 927 mihi
966 857 1052 926 deli·
1103 864 1229 952 sagitta
1254 864 1370 932 valide
1394 877 1577 942 contorta;
1610 865 1696 932 item
1720 861 1829 933 lulius
1846 862 1994 948 Cacsar,
2027 880 2091 938 etc.

61 990 142 1057 gere
157 978 430 1055 argumentum,
457 964 555 1054 quod
574 962 636 1028 alii
653 984 728 1028 non
743 972 955 1030 tractarunt.
988 959 1053 1029 Est
1103 966 1269 1054 monia]
1296 991 1386 1059 quae
1403 967 1515 1036 edidit
1531 963 1718 1036 Phoebum
1735 979 1771 1033 et
1784 965 1954 1035 Dianam.

61 1068 198 1160 aliquid
220 1090 323 1157 posse
346 1065 500 1156 deligere
524 1075 796 1154 argumentum,
838 1065 899 1131 sed
932 1074 1053 1130 tamen
1204 1066 1264 1138 Vs.
1281 1068 1316 1137 7.
1344 1074 1628 1166 Hippodameque]
1653 1068 1809 1159 Nuptiae
1829 1067 2092 1159 Hippodamae,

62 1171 139 1262 ipsa
155 1168 297 1237 novitas
312 1163 423 1236 babet
437 1166 573 1258 aliquid
589 1163 829 1247 incommodi,
864 1165 948 1256 quia
964 1163 1062 1251 istac,
1104 1171 1249 1262 quando
1273 1172 1440 1263 Myrtilus
1462 1174 1546 1242 fecit
1569 1197 1650 1242 axes
1673 1196 1818 1241 caereus
1845 1184 1932 1255 ctc.,
1975 1170 2091 1240 videte

61 1296 119 1341 res
141 1293 257 1339 novae
284 1292 358 1337 non
382 1269 432 1336 ita
458 1278 608 1358 possunt
625 1265 784 1336 tractari.
835 1262 1052 1333 ldeollora-
1101 1271 1272 1341 fabulam.
1336 1272 1399 1343 Est
1429 1276 1629 1365 exemplum
1658 1274 1784 1365 perfidi
1809 1271 1985 1356 hominis,
2030 1274 2094 1366 qui

62 1374 134 1442 tius
163 1371 300 1464 inquit,
338 1370 524 1440 tractanda
546 1393 619 1438 esse
642 1366 784 1459 publica
810 1379 846 1434 et
868 1364 1052 1457 ustulat),
1103 1397 1205 1441 suum
1230 1375 1417 1444 dominum
1440 1376 1591 1468 decepit.
1703 1379 1839 1468 Pelops]
1871 1376 2002 1467 Pelops
2023 1375 2092 1444 fuit

61 1475 205 1565 publica
220 1473 370 1541 materia
387 1484 509 1540 tamen
525 1470 594 1537 erit
608 1482 691 1551 tua,
721 1469 752 1539 si
773 1491 852 1537 eam
868 1480 961 1536 recte
980 1481 1051 1535 tra-
1102 1498 1254 1564 magnus
1270 1477 1434 1568 princeps
1446 1479 1630 1548 Graeciae.
1682 1476 1738 1561 Ab
1755 1479 1818 1545 illo
1835 1501 1968 1547 nomen
1983 1474 2092 1545 babet

63 1576 225 1645 ctaveris.
277 1572 324 1643 Et
341 1598 405 1642 vos
422 1597 565 1666 quoque
580 1593 733 1653 moneo,
764 1582 805 1639 ut
817 1568 923 1639 utiles
940 1582 1051 1638 mate-
1102 1576 1162 1643 illa
1183 1600 1266 1667 pars
1282 1578 1562 1671 Peloponnesus.
1614 1578 1679 1647 llla
1696 1579 1837 1661 omnia,
1861 1581 1991 1673 inquit,
2017 1580 2090 1647 iam

61 1677 135 1747 tias
154 1674 310 1767 ellgdils,
337 1678 482 1767 quando
500 1673 607 1743 thllls
622 1671 760 1766 ahquid
775 1671 942 1742 scribere·
977 1670 1052 1742 ΝΟ·
1102 1691 1185 1748 sunt
1219 1679 1335 1764 dicia,
1376 1705 1616 1774 unaquaeque
1651 1693 1748 1749 aetas
1782 1677 1892 1750 habet
1922 1705 2003 1752 suas
2036 1676 2091 1750 hi.

61 1779 124 1847 lite
142 1800 349 1849 consumere
365 1776 547 1867 ingenium
563 1775 603 1842 in
616 1775 723 1844 rebus
739 1773 941 1852 inutilibus;
963 1773 1051 1841 alio·
1102 1780 1242 1851 storias.

63 1880 125 1972 qui
146 1881 204 1964 fit,
239 1879 337 1971 quod
351 1878 483 1948 Seneca
509 1877 644 1970 inquit:
678 1876 884 1947 Necessaria
908 1876 1051 1966 ignora·
1203 1881 1263 1951 Vs.
1280 1882 1316 1955 9.
1347 1885 1477 1955 Tollere
1492 1887 1606 1976 humo]
1633 1883 1766 1965 idest,
1802 1906 1893 1976 quae
1916 1906 1981 1973 ego
2010 1906 2091 1974 pos-
2181 1894 2186 1906 ⁶

63 2004 163 2064 mus,
196 1980 379 2074 quianon
399 1980 599 2050 necessaria
622 1978 823 2048 didicimus.
880 1973 973 2046 lllud
994 2001 1051 2044 ar·
1102 2009 1179 2053 sum
1196 1983 1440 2056 inclarescere,

63 2094 270 2173 gumentum
287 2084 332 2151 de
349 2083 562 2151 animalibus
579 2081 693 2149 multo
715 2093 768 2150 est
791 2079 914 2149 utilius
936 2092 971 2148 et
992 2103 1051 2147 co·
1202 2084 1264 2155 Vs.
1291 2088 1349 2157 10.
1392 2091 1534 2158 Primus
1566 2083 1641 2182 epo]
1685 2085 1778 2156 Satis
1810 2098 2021 2176 arroganter
2052 2109 2089 2154 se

63 2185 197 2276 piosius
223 2185 268 2252 ab
282 2182 476 2274 Oppiano,
509 2184 647 2253 Graeco
673 2196 817 2263 autore,
845 2193 1051 2262 tractatum,
1102 2185 1304 2278 praedicat,
1339 2200 1374 2256 et
1395 2188 1555 2257 fortassis
1576 2189 1644 2256 fuit
1667 2187 1804 2278 primus
1827 2203 1933 2279 poeta
1962 2188 2000 2255 in
2025 2211 2088 2256 sua

65 2286 247 2378 quietiam
264 2286 481 2378 singulasl')
498 2296 618 2373 partes
633 2283 862 2373 perstringit,
895 2295 935 2351 ut
956 2282 1050 2350 libro
1101 2288 1231 2378 patria.
1295 2288 1392 2357 Dicit
1425 2302 1544 2358 autem
1578 2314 1615 2358 se
1649 2291 1877 2359 conditurum
1910 2288 2092 2369 sacellum,

63 2399 214 2480 quarto,
246 2400 311 2455 etc.
443 2386 602 2475 Vulgata]
634 2383 704 2474 lpsi
726 2384 890 2453 solebant
910 2384 1051 2474 publice
1102 2389 1187 2482 quia
1210 2388 1295 2457 olim
1319 2412 1431 2481 parva
1457 2402 1491 2459 et
1515 2402 1665 2479 angusta
1688 2392 1815 2459 sacella
1839 2391 2119 2471 condiderunt,x

61 2490 213 2556 recitare
240 2511 303 2556 sua
334 2498 520 2576 poemata,
561 2485 650 2553 illud
673 2486 742 2553 luit
763 2485 868 2552 valde
893 2484 1050 2575 vulgare.
1101 2491 1192 2560 sicut
1209 2489 1316 2558 etiam
1332 2492 1391 2559 ille
1405 2515 1484 2559 mos
1500 2491 1690 2559 ditioribus
1705 2492 1772 2559 luit
1789 2493 1897 2580 paulo
1920 2505 2002 2559 ante
2025 2514 2091 2559 no-

61 2589 273 2678 Eurysteo]
299 2582 559 2679 Eurystheus⁸)
583 2597 618 2653 et
634 2584 804 2656 Hercules
821 2588 946 2654 eodem
962 2598 1051 2654 tem·
1101 2604 1210 2663 stram
1229 2603 1404 2672 aetatem,
1431 2605 1496 2658 etc.

60 2712 152 2780 pore
172 2688 358 2772 vixerunt,
396 2689 541 2757 fuerunt
563 2689 725 2779 cognati,
765 2700 800 2756 ct
831 2711 1048 2782 quamquam
1202 2691 1338 2763 Vs.11.
1373 2692 1563 2782 Deducum]
1593 2689 1724 2781 ¹idest,
1756 2714 1821 2778 ego
1844 2715 1922 2758 sum
1950 2690 2089 2779 primus

62 2791 235 2860 Hercules
249 2790 427 2881 praestitit
439 2790 591 2871 virtute,
619 2787 968 2882 tamenEurystheus
984 2790 1051 2857 im·
1101 2807 1219 2876 vates,
1253 2807 1294 2863 ut
1314 2794 1345 2864 si
1368 2795 1474 2862 velim
1496 2780 1613 2860 dicere
1633 2787 1866 2882 Rodolpbum
1883 2790 2088 2881 Agricolam

60 2892 213 2987 peravit.
288 2892 356 2960 Hic
383 2893 643 2962 observandum
676 2905 728 2962 est
755 2888 919 2962 heroicos
954 2892 1051 2961 viros
1102 2895 1348 2986 esscprimum
1367 2908 1485 2962 vatem
1503 2896 1542 2961 in
1561 2892 1769 2963 Germania.

60 3006 212 3088 propter
231 2995 409 3085 publicam
434 2994 624 3063 utilitatem
652 3017 780 3085 parere
802 2994 1049 3063 inferioribus:
1202 2995 1264 3068 Vs.
1282 2999 1339 3070 12.
1368 2998 1563 3086 Idumaeas]
1590 2995 1673 3086 quia
1700 2995 1737 3061 in
1761 2992 1929 3063 Idumaea
1956 2994 2089 3061 multae

61 3110 104 3168 ut
117 3092 271 3167 Achilles
294 3098 387 3166 cedit
410 3096 674 3187 Agamemnoni
698 3109 847 3187 propter
870 3096 1049 3188 publicam
1101 3098 1243 3190 palmae
1260 3099 1489 3189 proveniunt.
1539 3096 1704 3165 Palmula
1730 3096 1865 3164 fructus
1882 3107 1954 3178 est,
1981 3118 2088 3186 quem

62 3199 272 3281 utilitatem,
308 3201 357 3270 sic
378 3198 568 3282 Hercules,
601 3222 820 3292 quamquam
843 3210 962 3267 tantus
989 3192 1051 3264 he·
1102 3201 1282 3292 dactylum
1300 3212 1449 3278 vocant;
1478 3198 1598 3289 palma
1617 3197 1737 3265 arbor.
1931 3241 1939 3274 ·,
2169 3289 2172 3292 ἡ

63 3325 141 3392 ros,
166 3313 286 3370 tamen
301 3314 403 3393 paret
416 3299 677 3393 deteriorihut
697 3301 880 3369 communi
905 3298 1051 3369 utilitati
1203 3301 1264 3394 Vs.
1283 3302 1342 3371 17.
1382 3302 1581 3390 murreus]
1606 3297 1744 3365 Scilicet
1771 3296 1809 3363 in
1837 3293 2089 3364 certaminibus

64 3404 205 3476 serviat.
887 3449 890 3455 -
1101 3402 1262 3495 poeticis.
1321 3402 1450 3471 Graeci
1480 3399 1762 3489 magnilece'runt
1790 3399 1856 3466 ista
1880 3397 2089 3478 certamina,

165 3504 226 3577 Vs.
242 3501 279 3575 5.
305 3502 488 3601 Illoudatr’]
516 3504 656 3574 Durum
672 3505 906 3585 vocabulum,
934 3502 1051 3585 idest,
1102 3505 1193 3574 sicut
1207 3504 1367 3575 scribunt
1380 3506 1424 3571 de
1441 3504 1664 3583 Menandro,
1690 3500 1752 3592 qui
1775 3512 1962 3589 superatus
1984 3522 2003 3564 a
2019 3498 2089 3589 Py·

63 3608 219 3677 infamis.
321 3604 481 3703 Busiris]
507 3608 591 3676 Fuit
612 3631 675 3676 rex
696 3605 955 3698 Aegyptiacus,
989 3603 1051 3696 qui
1102 3607 1265 3689 lemene,
1307 3619 1342 3674 et
1360 3607 1398 3673 in
1420 3605 1493 3691 itte,
1504 3601 1749 3695 expectatione
1773 3600 2024 3688 suffragiorum
2053 3610 2089 3666 et

64 3709 188 3780 solitus
211 3721 264 3778 est
282 3704 440 3799 hospites
476 3709 648 3779 occidere.
720 3709 988 3800 Propemodum
1017 3718 1052 3773 et
1102 3709 1317 3777 iudiciorum
1336 3694 1500 3777 mortuus
1518 3718 1581 3776 est.
1639 3702 1727 3772 Item
1744 3698 1937 3792 Sophocles
1952 3698 2087 3766 laetitia

62 3834 160 3880 nunc
185 3811 225 3875 bt
246 3809 283 3874 in
309 3811 520 3900 quibusdam
555 3811 699 3892 insulis,
740 3811 801 3879 ubi
830 3810 937 3878 ctiam
969 3819 1053 3877 sunt
1104 3811 1277 3879 extinctus
1301 3821 1370 3892 est,
1409 3832 1489 3878 cum
1513 3833 1625 3878 unum
1648 3804 1856 3894 suffragium
1884 3800 2088 3870 audivisset.

62 3907 268 3989 Busirides,
303 3909 365 4000 qui
385 3911 541 3977 retinent
561 3906 731 4000 hospites.
790 3909 893 3980 lllum
916 3910 1052 3979 Busiri·
1105 3915 1220 4004 ostro]
1253 3913 1384 3993 idest,
1416 3935 1596 4002 purpura,
1631 3909 1713 4001 quia
1739 3930 1781 3974 ex
1803 3929 1908 3974 succo
1932 3925 2090 3995 quarun-

64 4016 147 4081 ‹lem
164 4008 334 4078 Hercules
352 4010 494 4079 sustulit
509 4021 543 4077 et
562 4012 702 4080 occidit.
1104 4017 1185 4082 dam
1205 4009 1423 4082 concharum
1440 4014 1480 4080 fit
1497 4014 1555 4081 ille
1574 4010 1673 4079 color
1690 4032 1883 4100 purpurae.

167 4110 228 4180 Vs.
245 4111 280 4180 6.
305 4114 432 4204 Hylas]
458 4111 619 4183 Herculis
637 4106 772 4191 socius,
799 4135 904 4202 quem
929 4123 1052 4200 postea
1203 4113 1265 4183 Vs.
1287 4114 1345 4183 18.
1376 4116 1529 4204 Centum]
1561 4112 1765 4182 Similitudo
1783 4109 2088 4192 translataapoe-

65 4211 185 4282 amisit
208 4212 245 4279 in
275 4215 496 4302 profectione
526 4239 606 4283 cum
631 4212 859 4304 Argonautis.
923 4209 976 4278 lbi
996 4235 1053 4278 ex·
1104 4217 1175 4285 tico
1192 4214 1387 4283 certamine
1403 4218 1449 4280 ad
1466 4214 1619 4282 currule.

65 4326 256 4406 pectarunt
279 4314 508 4403 Argonautae
535 4329 649 4385 totum
682 4315 839 4384 triduum
864 4311 1052 4382 Herculem
1205 4316 1264 4387 Vs.
1291 4314 1349 4385 19.
1393 4307 1574 4410 Alpheum]
1614 4310 1818 4381 Certamina
1846 4308 1908 4375 illa
1940 4307 2089 4377 Graeca·

65 4429 295 4511 quaerentem
310 4416 452 4509 Hylam.
504 4417 552 4487 Et
567 4417 730 4487 Valerius
743 4415 890 4486 Flaccus
905 4414 1054 4503 diligen·
1103 4414 1271 4508 lutelligit
1293 4427 1411 4487 autem
1435 4414 1494 4484 hic
1516 4415 1745 4507 Olympicum
1769 4422 1968 4487 certamem
2003 4428 2088 4474 nam

65 4532 121 4587 ter
136 4516 304 4587 describit
319 4520 615 4588 consultationem
626 4519 928 4610 Argonautarum.
965 4514 1054 4608 Qui·
1104 4519 1253 4590 Graecia
1270 4515 1397 4588 babuit
1413 4529 1568 4611 quatuor
1582 4515 1798 4595 certamina,
1832 4511 1923 4581 sicut
1944 4523 1979 4578 et
2000 4531 2088 4600 qua-

65 4622 149 4689 dam
165 4619 422 4688 consuluerunt
437 4622 639 4691 abeundum
662 4646 755 4704 esse,
782 4643 857 4687 non
873 4644 962 4709 opus
980 4641 1054 4687 csse
1105 4634 1188 4692 tuor
1211 4622 1290 4689 loca
1314 4622 1489 4702 fuerunt,
1518 4621 1556 4687 in
1582 4619 1710 4712 quibus
1732 4614 2022 4691 celebrabantur,
2055 4619 2090 4675 et

64 4733 183 4790 totum
200 4719 392 4789 exercitum
409 4745 521 4790 unum
536 4719 719 4792 bominem
738 4734 934 4812 expectare.
984 4719 1053 4789 Sed
1104 4723 1252 4812 singulis
1281 4722 1384 4792 annis
1414 4721 1693 4801 conveniebant,
1731 4739 1827 4787 nunc
1849 4713 1960 4796 Pisis,
1992 4732 2089 4778 nunc

66 4822 213 4916 quidam
238 4836 452 4891 censuerunt
473 4823 661 4892 Herculem
683 4824 941 4916 expectandum
967 4844 1055 4902 esse,
1105 4820 1301 4906 Corintho,
1334 4836 1419 4906 etc.,
1451 4824 1542 4893 sicut
1568 4819 1763 4892 Germania
1785 4815 1938 4886 instituit
1959 4809 2090 4881 nundi·

66 4925 262 5017 etquidem
277 4924 474 5015 prudenter
489 4938 720 5008 censuerunt,
746 4924 830 5018 quia
848 4922 970 5013 magni
984 4922 1054 4990 viri
1105 4950 1190 5009 nas,
1212 4939 1253 4995 ut
1268 4925 1340 4996 sint
1354 4923 1580 4995 commercia.
1631 4922 1678 4992 Et
1692 4917 1780 4992 haec
1797 4914 1995 5011 spectacula
2012 4933 2089 4980 non
2140 4992 2152 5011 .

63 5047 122 5095 res
138 5037 285 5115 gerunt,
318 5026 356 5094 in
380 5049 506 5096 eorum
530 5026 643 5096 salute
664 5027 730 5095 sita
755 5038 809 5096 est
831 5025 1053 5118 reliquorum
1106 5041 1209 5096 erant
1224 5027 1384 5098 instituta
1399 5028 1566 5097 ludorum
1595 5038 1630 5094 et
1650 5023 1843 5116 voluptatis
1867 5039 1994 5098 causa,
2028 5012 2091 5082 sed

1026 5155 1030 5163 ·
1105 5128 1155 5196 ibi
1171 5130 1394 5197 renovabant
1407 5153 1469 5198 sua
1485 5128 1642 5197 foedera.
1695 5125 1782 5194 ltcm
1800 5114 2090 5191 convehebantur

101 5226 135 5292 ²)
152 5231 227 5280 Μ
244 5233 372 5294 ww
388 5229 520 5281 urentur
536 5230 572 5280 ⁸⁴¹
589 5230 688 5284 ΠΜ·
705 5231 767 5280 art
783 5231 859 5293 twel-
878 5228 929 5280 ¹²⁵
943 5241 1002 5292 *tt-
1105 5253 1161 5300 res
1179 5232 1474 5313 commutandae,
1508 5241 1630 5318 postea
1653 5228 1722 5295 illis
1745 5222 1896 5313 negotiis
1923 5214 2091 5288 conlectis

101 5313 156 5371 2⁸)
174 5312 314 5377 singular]
333 5316 375 5366 sio
394 5315 512 5378 καὶμὴ
544 5314 594 5366 Ed.
610 5317 684 5366 ltu.
704 5314 834 5379 singulo.

99 5398 135 5458 2)
152 5399 343 5460 ruryeuerr]
375 5401 416 5451 sic
446 5402 471 5452 t.
492 5402 510 5453 t.
541 5403 569 5451 ot
596 5399 625 5451 to
653 5413 731 5464 seqq.
755 5398 853 5463 rcrtpst
866 5414 876 5463 3
910 5398 961 5449 ld.
982 5396 1058 5448 tots.

140 5466 295 5520 retrusus.
1139 5459 1171 5528 4)
1186 5457 1290 5512 metu.
1309 5461 1369 5527 m,
1387 5464 1413 5513 4.

1235 5698 1253 5737 ἲ
