4778 6240
173 264 249 341 355
366 295 368 298 -
632 255 851 331 LXXXVlll.
902 255 1186 333 ENARRATIO
1221 255 1504 332 GEORGlCON
1536 256 1744 334 VIRGlLll.
2128 279 2206 353 366

277 434 339 506 Vs.
363 432 425 504 09.
465 434 630 522 Faustus
658 425 811 530 herbae]
844 431 882 499 id
909 443 979 514 est,
1014 452 1093 499 sero
1116 442 1168 499 est
1220 443 1291 514 est,
1318 425 1483 500 humidas
1506 443 1674 516 aestates,
1698 432 1832 502 scilicet
1855 449 1936 506 ante
1960 439 2204 516 florescentem

176 540 354 612 arandum
378 534 511 627 pingue
536 532 672 616 solum,
698 533 736 603 id
759 546 810 604 est
824 529 878 628 ⁸),
913 533 952 601 in
973 555 1079 615 vere,
1104 532 1167 601 das
1219 543 1389 624 segetemq
1449 529 1513 601 Est
1541 534 1728 628 antiquum
1759 535 1914 622 dictum,
1957 543 2055 633 quod
2084 555 2205 617 tamen

176 638 279 712 nicht
292 637 363 706 viel
373 637 543 706 Unkraut
559 636 704 706 darauff
716 631 873 707 wachse.
907 634 1034 705 Sterile
1050 633 1165 704 solum
1218 634 1430 726 plerumque
1453 658 1578 704 verum
1608 650 1678 718 est,
1720 639 1763 706 de
1786 640 1863 709 solo
1883 642 2009 734 pingui
2032 657 2067 713 et
2089 636 2208 716 humi-

178 768 255 814 non
286 764 391 831 saepe
422 750 474 808 est
503 739 698 822 arandum,
731 762 777 807 ne
800 732 939 808 exhalet
962 750 997 807 et
1022 759 1166 826 exsuga-
1219 735 1313 804 diori
1345 735 1518 807 siccitates
1550 762 1625 807 non
1656 738 1784 809 afferre
1816 742 1999 813 caritatem
2029 769 2207 822 annonae.

180 843 296 927 tur'⁸)
320 842 378 911 ille
395 837 540 909 humor.
1218 836 1308 905 Tale
1323 837 1440 907 solum
1457 851 1508 908 est
1522 836 1803 933 Thuringicum,
1827 844 1883 915 eui
1900 846 2055 917 maxime
2075 865 2208 921 nocent
2288 916 2292 923 .

279 944 342 1015 Vs.
367 945 429 1016 71.
463 943 618 1013 Alternis
651 938 774 1039 idem]
810 940 987 1034 Quartum
1024 958 1167 1032 praece·
1218 935 1459 1009 humiditates.

178 1061 281 1143 ptum
307 1048 351 1115 de
376 1044 575 1114 intervallis
595 1042 831 1114 concedendis
849 1045 939 1116 solo.
991 1040 1166 1111 Adeove-
1319 1040 1381 1110 Vs.
1409 1041 1493 1112 101.
1535 1046 1696 1133 Hyberuo
1714 1043 1865 1145 puluere]
1905 1049 2041 1135 idest,
2081 1076 2207 1124 serena

179 1148 453 1221 rumestetiam
476 1146 644 1217 derebus
668 1145 885 1215 inanimatis.
938 1145 1045 1239 Quod
1071 1154 1168 1212 caret
1217 1139 1359 1235 hyeme.

182 1254 320 1322 alterna
338 1250 482 1343 requie,
506 1249 669 1317 durabile
686 1272 761 1316 non
780 1259 850 1330 est,
877 1247 984 1341 quia,
1019 1245 1164 1339 quando
1320 1242 1380 1313 Vs.
1406 1244 1489 1316 102.
1530 1243 1682 1345 Moesia]
1719 1249 1756 1319 id
1779 1264 1850 1334 est,
1891 1252 2028 1324 Moesia
2055 1273 2208 1329 nonest

182 1378 257 1424 uno
275 1376 370 1421 anno
385 1352 452 1420 fuit
467 1349 647 1418 vindemia
662 1375 724 1420 seu
740 1349 862 1419 messis
884 1349 1049 1431 uberior,
1081 1360 1167 1416 tunc
1218 1343 1431 1415 foecundior
1455 1369 1563 1439 quam
1586 1363 1750 1420 nostrum
1774 1353 1910 1439 solum,
1953 1379 2033 1426 cum
2060 1353 2206 1451 hyemes

184 1456 297 1524 altero
318 1477 415 1521 anno
437 1463 488 1521 est
511 1452 671 1536 tenuior,
707 1450 871 1545 quamvis
906 1463 958 1522 est
984 1444 1166 1519 exhausta.
1219 1446 1445 1518 suntscreni.
1497 1447 1635 1521 Moesia
1653 1453 1740 1520 olim
1756 1453 1891 1546 Mysia,
1918 1481 2001 1547 pars
2014 1456 2209 1553 Phrygiae,

182 1555 246 1625 llla
263 1556 383 1623 omnia
402 1578 481 1624 cum
498 1568 570 1623 tam
587 1567 683 1624 certo
703 1553 867 1622 ordinata
884 1551 1007 1623 sintin
1024 1563 1167 1632 natura,
1219 1550 1315 1620 unde
1332 1547 1428 1641 Mysi
1445 1549 1563 1640 primo
1580 1553 1690 1621 vicini
1704 1556 1849 1626 fuerunt
1865 1553 2079 1652 Phrygibus.
2131 1560 2207 1632 lam

184 1671 267 1730 sunt
284 1656 486 1728 testimonia
506 1659 551 1726 ab
568 1670 711 1726 aeterna
736 1656 857 1749 aliqua
878 1666 997 1724 mente
1022 1652 1165 1722 condita
1219 1663 1344 1721 tenent
1368 1650 1446 1718 loca
1469 1652 1586 1721 vicina
1608 1654 1732 1739 Dacis,
1759 1657 1796 1726 id
1820 1670 1889 1741 est,
1916 1663 1985 1730 den
2001 1661 2208 1736 Walachen

186 1784 259 1831 esse
277 1772 311 1827 et
328 1757 531 1849 gubernari.
625 1751 796 1853 Noouios]
820 1752 1046 1827 Novaleshic
1063 1777 1167 1847 gene·
1219 1755 1295 1824 und
1317 1752 1626 1845 Siebenburgern,
1669 1757 1731 1826 ubi
1754 1782 1851 1828 nune
1873 1759 1996 1832 Servio
2020 1779 2084 1837 est.
2153 1766 2208 1836 Ex

154 1861 309 1953 'taliter
328 1859 526 1951 significant
551 1884 673 1950 agros,
699 1861 763 1954 qui
787 1856 990 1930 habuerunt
1011 1855 1168 1928 vacatio·
1220 1856 1291 1926 illis
1312 1854 1401 1925 locis
1429 1856 1466 1922 in
1489 1855 1723 1927 Germaniam
1746 1876 1941 1947 venerunt,
1979 1868 2076 1937 unde
2099 1863 2207 1938 bodie

182 1987 279 2034 nem.
343 1961 490 2055 Alioqui
511 1961 550 2029 in
572 1963 709 2053 legibus
736 1974 912 2033 vocantur
942 1960 1019 2052 agri
1045 1983 1167 2028 recens

183 2064 267 2134 facti
291 2086 332 2132 ex
354 2064 495 2134 incultis
520 2077 555 2133 et
577 2059 841 2135 horridioribus
860 2064 966 2147 locis,
992 2062 1086 2134 New
1110 2084 1168 2151 ge-

184 2169 300 2237 reudt.
416 2161 565 2264 Tonsos]
592 2167 741 2250 scilicet,
768 2180 849 2258 post
868 2191 1029 2238 messem.

288 2265 349 2336 Vs.
365 2266 425 2340 79.
450 2272 594 2357 Sepuem
609 2271 777 2360 eampum]
792 2268 827 2335 id
844 2280 907 2350 cst,
924 2268 1168 2358 defatigatum.

185 2369 309 2464 Aliqui
328 2381 487 2438 tenacem
505 2383 699 2461 exponunt.
802 2372 898 2462 Situ]
920 2370 1042 2451 idest,
1064 2389 1169 2460 squa-

186 2475 283 2550 lore;
309 2481 362 2539 est
377 2470 435 2538 illa
450 2472 652 2562 pinguedo,
673 2493 743 2564 qua
758 2471 984 2540 obducuntur
998 2493 1055 2539 res
1071 2468 1170 2561 qnie-

188 2585 335 2645 scentes.

289 2668 352 2741 νε.
368 2672 428 2746 78.
455 2680 526 2745 Aut
540 2676 597 2744 uli
610 2675 641 2765 ⁴]
665 2672 701 2741 id
720 2686 787 2756 est,
816 2684 878 2743 aut
897 2695 966 2767 qua
993 2675 1096 2743 cedas
1117 2671 1171 2739 in·

188 2774 337 2846 tervalla
356 2789 418 2844 aut
434 2777 589 2848 mutabis
611 2775 758 2845 semina.
861 2772 1019 2873 Mutato]
1047 2774 1084 2842 id
1108 2785 1172 2856 est,

187 2890 270 2970 post
292 2899 438 2949 annum.
558 2880 661 2948 liuva
680 2872 806 2973 surra]
841 2876 1003 2947 Rocken.
1060 2874 1172 2943 ’111ῖί-

187 3003 267 3049 cum
286 2991 472 3070 weytzen,
498 3004 717 3074 quamquam
734 2992 786 3049 est
801 3003 911 3070 genus
929 2982 974 3048 ad
990 2979 1118 3047 rubum
1138 2990 1173 3045 et

187 3080 376 3172 fflfflmm
461 3135 466 3144 .

287 3178 349 3251 Vs.
365 3179 425 3251 74.
451 3181 604 3274 Siliqua]
623 3177 761 3252 hulsen.
840 3206 856 3218 ·

214 3357 219 3367 Ι
290 3282 351 3353 Vs.
360 3279 420 3353 75.
441 3279 571 3380 Viciae]
589 3285 743 3353 wicken.
802 3280 951 3381 Lupini]
968 3282 1172 3375 feytbonen.

288 3385 349 3455 Vs.
367 3385 427 3455 77.
458 3378 551 3480 Urit]
577 3388 614 3456 id
628 3400 691 3469 est,
717 3388 894 3455 consumit
910 3382 1173 3455 humiditatem.

289 3487 350 3558 Vs.
373 3486 435 3558 84.
467 3491 576 3578 Saepe
602 3484 727 3585 dium]
761 3487 871 3558 Fiunt
894 3488 993 3579 ignes
1012 3487 1051 3553 iu
1066 3486 1173 3576 agris,

188 3589 245 3657 vel
261 3604 300 3659 ut
323 3591 532 3680 aperiantur
556 3615 729 3660 venarum
755 3605 910 3674 meatus,
940 3590 996 3658 vel
1015 3601 1055 3658 ut
1073 3612 1173 3656 exsu-

188 3692 247 3761 det
261 3691 398 3762 inutilis
411 3687 554 3762 humor.

288 3794 349 3862 Vs.
366 3792 427 3863 90.
452 3789 694 3890 Spirameuta]
722 3793 760 3861 id
775 3807 839 3875 est,
853 3803 1003 3862 meatus.
1101 3794 1174 3860 No-

188 3919 249 3966 vus
271 3890 404 3995 ueniat]
432 3895 468 3961 id
492 3907 564 3976 cst,
587 3910 627 3965 ut
650 3894 762 3987 possit
784 3894 961 3963 destillare
985 3893 1097 3962 udum
1123 3894 1174 3960 la-

189 3999 260 4067 tius
278 3997 316 4063 in
331 4008 468 4065 meatus
484 4008 613 4067 terrae.

292 4099 353 4168 νε.
373 4097 434 4168 98.
466 4094 618 4195 Boreae]
654 4095 818 4188 Spirante
847 4093 985 4177 Borea,
1028 4096 1174 4186 quando

188 4215 283 4272 terra
300 4226 374 4271 nou
393 4213 444 4271 est
461 4214 551 4269 tecta
567 4202 669 4282 nive,
694 4212 778 4267 tnnc
796 4206 948 4289 percunt
963 4205 1050 4266 sata.

290 4303 352 4376 Vs.
368 4303 429 4375 94.
456 4300 615 4400 Bactris]
641 4303 678 4370 id
694 4312 765 4385 est,
790 4297 979 4391 ligonibus.

290 4404 352 4479 Vs.
365 4402 426 4476 95.
454 4400 591 4503 Grates]
618 4403 730 4496 Egen.

238 4505 300 4581 Vs.
317 4508 377 4578 97.
405 4513 532 4600 Tarpa]
558 4509 680 4590 idest,
705 4503 867 4575 humum.

292 4609 354 4682 Vs.
377 4610 437 4681 98.
467 4615 599 4681 Rursus
621 4614 661 4680 iu
683 4610 879 4703 obliquum]
914 4605 1047 4688 idest,
1081 4597 1175 4671 nach

191 4714 254 4783 der
266 4715 370 4806 lenge
389 4713 464 4782 und
479 4712 584 4781 breit.

288 4815 349 4886 Vs.
373 4815 457 4885 100.
492 4817 642 4884 Htsmidu
673 4813 835 4904 solstitia]
868 4809 1042 4903 Quintum
1071 4830 1174 4898 prae-

1221 1981 1365 2052 quoque
1384 1978 1467 2047 pars
1490 1961 1666 2050 quaedam
1682 1960 1848 2055 Meyssen
1865 1978 2025 2037 vocatur.

1322 2057 1383 2128 Vs.
1403 2058 1487 2128 105.
1513 2059 1691 2159 Gurpura]
1721 2062 1905 2156 Oppidum
1922 2065 2115 2162 Phrygiae.

1322 2159 1383 2229 Vs.
1395 2157 1479 2229 104.
1504 2164 1594 2246 Quid
1606 2162 1739 2262 dicum]
1756 2167 1901 2239 Sextum
1918 2184 2148 2263 praeceptum
2165 2174 2209 2243 de
2296 2171 2301 2184 '

1221 2262 1457 2353 rigationibus
1470 2285 1653 2351 agrorum.

1322 2362 1383 2433 Vs.
1400 2359 1484 2432 105.
1507 2366 1604 2435 Mate
1618 2368 1775 2470 pinguis]
1800 2371 1837 2440 id
1854 2385 1906 2444 est
1922 2372 2005 2444 sicci
2036 2378 2112 2468 agri
2136 2403 2210 2449 non

1223 2464 1367 2533 arenosi
1381 2464 1460 2533 soli.

1324 2564 1385 2635 Vs.
1409 2565 1493 2634 108.
1518 2569 1724 2660 Supereilio]
1751 2571 1788 2638 id
1813 2586 1884 2657 est,
1911 2600 1953 2643 ex
1978 2578 2067 2646 colle
2089 2581 2211 2673 aliquo

1224 2678 1259 2735 et
1293 2668 1371 2735 loco
1406 2666 1567 2737 editiore.
1633 2670 1699 2739 Hic
1734 2695 1813 2742 mos
1845 2676 1986 2766 rigandi
2020 2681 2210 2770 praecipue

1224 2770 1321 2861 apud
1345 2791 1411 2837 nos
1438 2769 1475 2835 in
1498 2770 1609 2859 pratis
1636 2785 1810 2845 servatur.
1870 2776 1961 2846 Sunt
1982 2792 2102 2849 autem
2127 2781 2212 2850 facti

1225 2869 1375 2952 alveoli,
1397 2881 1437 2939 ut
1453 2870 1530 2960 agri
1548 2872 1604 2940 vel
1618 2888 1720 2964 prata
1737 2874 1875 2964 possint
1894 2878 2025 2970 rigari,
2052 2907 2131 2952 cum
2147 2882 2212 2952 sic-

1226 2997 1287 3042 cae
1317 2971 1456 3039 fuerint
1485 2983 1739 3065 tempestates,
1782 2990 1817 3046 et
1856 3004 2008 3064 rursus,
2052 2985 2083 3055 si
2105 2984 2214 3054 nimis

1225 3072 1394 3145 humidae
1410 3073 1562 3157 fuerint,
1590 3077 1703 3147 educi.

1326 3174 1387 3245 νε.
1400 3175 1481 3245 111.
1504 3180 1558 3244 Ne
1568 3175 1743 3274 providis]
1758 3178 1956 3271 Septimum
1969 3199 2212 3276 praeceptum,

1226 3276 1422 3345 cavendum
1439 3299 1525 3358 esse,
1549 3301 1595 3345 ne
1611 3278 1720 3348 culmi
1735 3281 1888 3351 nimium
1902 3284 2096 3369 luxurient,
2116 3289 2214 3380 quia,

1226 3379 1371 3471 quando
1395 3389 1478 3446 sunt
1495 3376 1602 3448 nimis
1620 3380 1741 3470 magni
1758 3384 1883 3466 culmi,
1910 3397 1994 3455 tunc
2011 3399 2123 3457 totam
2139 3389 2212 3458 vim
2278 3407 2282 3415 ’

1226 3492 1342 3548 terrae
1359 3493 1592 3564 consumunt,
1619 3496 1653 3552 et
1670 3483 1799 3553 aristae
1815 3486 1905 3555 liunt
1918 3489 2111 3560 tenuiores.

1326 3579 1387 3649 νε.
1408 3578 1490 3650 114.
1520 3584 1901 3684 Goiieetumlumorem]
1920 3589 2046 3674 idest,
2071 3593 2213 3662 deducit

1227 3681 1328 3750 alveo
1344 3676 1553 3768 humorem,
1581 3689 1643 3780 qui
1659 3687 1797 3757 influxit
1812 3688 1849 3755 in
1866 3713 2010 3779 agrum,
2037 3715 2081 3760 ne
2097 3705 2212 3761 stran-

1227 3784 1323 3874 gulet
1338 3796 1481 3874 segetes.

1326 3885 1385 3955 Vs.
1408 3886 1490 3956 118.
1521 3891 1594 3957 Nee
1622 3885 1754 3987 tumen]
1779 3889 1956 3961 Octavum
1982 3906 2211 3984 praeceptum

1227 3986 1270 4054 de
1292 3986 1530 4057 incommodis
1554 4013 1744 4079 agrorum,
1770 3993 1860 4063 sicut
1884 3993 2011 4064 videtis
2029 3990 2098 4063 hoc
2116 4019 2211 4065 auno

1228 4111 1331 4178 agros
1361 4090 1463 4182 quasi
1490 4091 1662 4159 industria
1692 4095 1869 4185 perfossos
1899 4120 1971 4167 esse
1996 4120 2016 4164 a
2040 4095 2213 4166 muribus.

1226 4188 1360 4282 Estque
1384 4191 1482 4259 locus
1505 4194 1705 4264 communis
1728 4197 1771 4263 de
1793 4197 1999 4267 difficultate
2023 4197 2213 4289 agricultu-

1227 4313 1289 4358 rae
1309 4303 1343 4359 et
1362 4290 1533 4360 cultuum.

1328 4390 1390 4461 Vs.
1408 4392 1491 4464 120.
1519 4389 1673 4490 intyba]
1693 4392 1879 4488 intybum,
1904 4394 2126 4483 cichoreum,
2152 4423 2213 4468 en-

1228 4492 1323 4561 divia
1355 4497 1503 4563 eandem
1528 4489 1676 4564 herbam
1710 4497 1929 4588 significant,
1960 4499 2212 4592 cuiusmagna

1228 4598 1420 4665 admodum
1445 4597 1497 4666 vis
1517 4610 1568 4667 est
1586 4598 1623 4665 iu
1638 4598 1981 4673 inflammationibus
1995 4615 2031 4671 et
2044 4603 2213 4674 febribus.

1228 4696 1297 4766 Sed
1327 4699 1425 4769 aliud
1456 4699 1627 4792 quiddam
1658 4714 1711 4770 est
1741 4697 1994 4795 heliotropium
2020 4729 2083 4775 seu
2105 4704 2212 4776 solse-

1228 4800 1372 4894 quium,
1407 4803 1505 4894 quod
1527 4827 1564 4872 se
1590 4826 1671 4871 cum
1695 4804 1768 4873 sole
1793 4803 2053 4889 circumvertit,
2079 4819 2114 4876 et
2135 4829 2212 4875 cae-

193 4931 331 5008 ccptum
355 4922 398 4986 ‹lc
416 4916 694 5008 tempestatibus.
777 4917 926 4984 Humida
946 4905 1110 5007 solstitia]
1137 4909 1174 4977 id
1227 4903 1366 4972 ruleum
1389 4901 1513 4973 florem
1534 4900 1652 4974 hahet.
1703 4903 1794 4976 Illud
1811 4901 2067 5000 heliotropium
2082 4906 2211 4975 medici

191 5088 396 5106 *un—at·-

226 5183 258 5242 ³)
279 5185 379 5247 pingue
401 5184 506 5243 solun,
529 5177 557 5228 td
580 5179 658 5246 sst‚]
682 5176 724 5228 sle
748 5177 866 5241 surtpsl3
894 5177 944 5228 Ed.
959 5178 1036 5231 ltu.
1059 5176 1175 5240 pingue.

262 5253 379 5310 Sotuus]
398 5252 428 5300 ld
446 5253 501 5315 est,

227 5349 280 5407 ³¹)
297 5336 461 5412 exsugolnr]
478 5349 520 5400 ste
537 5349 657 5414 seripsi3
675 5349 725 5400 Ed
740 5348 813 5399 tau.
833 5350 986 5399 annosior.

227 5449 258 5514 4)
277 5449 346 5512 ult]
359 5448 401 5500 sto
417 5451 466 5502 Ed.
483 5452 570 5516 latta
588 5453 638 5506 Ed.
656 5451 793 5517 wagner.
813 5449 860 5501 us.

1097 5092 1100 5100 Ι
1227 4999 1335 5073 hodie
1365 5018 1495 5076 vocant
1528 5004 1750 5092 cichoreum,
1781 5010 1879 5103 quod
1900 5011 2017 5101 ipsum
2043 5009 2148 5078 etiam
2171 5007 2210 5075 in

1226 5106 1383 5178 febribus
1413 5103 1575 5178 adhiberi
1603 5109 1712 5193 solet,
1744 5122 1780 5180 et
1806 5124 1993 5204 cognatam
2015 5111 2209 5180 admodum

1226 5222 1393 5279 naturam
1412 5209 1574 5279 cndiviae
1591 5205 1708 5281 habet.

1327 5311 1388 5384 Vs.
1406 5314 1489 5386 121.
1524 5309 1669 5411 Umbra]
1696 5311 1774 5383 Hoc
1793 5313 1879 5382 dicit
1902 5327 2050 5407 propter
2072 5313 2212 5404 intyba,

1226 5412 1311 5506 quia
1326 5414 1412 5484 folia
1429 5416 1583 5484 reddunt
1599 5438 1765 5505 magnam
1782 5416 1959 5485 umbram.
