4778 6240
87 130 137 209 11
297 59 304 65 ’
417 116 588 193 uxxm.
634 78 1045 193 tarsumenno
1078 116 1462 193 ssurmrunuu
1494 115 1815 194 'sfnuouruors¹
2070 130 2118 200 1³

12 275 29 363 ⁸.
135 284 242 375 libne
255 294 401 391 quidem
416 288 485 363 hac
498 313 668 386 sequere,
694 292 888 387 aliquando
912 290 1002 363 alins
1019 316 1077 360 co·
1182 292 1320 384 Cyme,
1346 314 1412 383 per
1427 289 1618 362 Graeciam
1640 302 1775 361 terram
1796 313 1963 378 versans,
1996 311 2031 366 et
2054 326 2097 392 pc

493 394 572 464 lore
591 393 676 478 lias,
1484 460 1491 470 ,
1537 392 1692 474 insulas,
2091 430 2094 434 ·

191 501 323 573 Celeris
336 498 489 569 mutatio
503 496 647 590 quidem
662 496 836 588 sapientia
854 510 904 566 est
922 520 1078 566 morum.
1210 552 1213 557 ,
1231 496 1376 566 Piscoso
1393 497 1569 567 transiens
1583 494 1676 562 mari
1689 495 1728 562 in
1745 496 1879 580 sterili,

138 607 260 700 Neque
294 603 402 673 nimis
444 599 651 690 indignare,
702 624 783 669 cum
822 602 1078 691 perturbantur
1181 597 1263 668 Non
1279 622 1453 693 equorum
1473 599 1578 688 tergis
1593 597 1768 678 insidens,
1794 600 1854 668 sed
1871 611 1906 668 te
1920 601 2062 673 mittent
2121 656 2128 665 .

503 702 615 784 cives,
1130 697 1205 773 250
1232 702 1423 793 Splendida
1434 699 1479 795 ¹⁸)
1502 701 1685 770 Musarum
1717 703 1811 769 dona
1841 702 1944 772 violis
1972 730 2121 778 corona-

87 810 163 884 220
187 806 323 900 Cyrne3
367 806 486 876 media
507 816 626 874 autem
647 827 755 896 perge
780 804 854 888 via,
895 806 1077 898 quomodo
1539 817 1656 872 tarum
1668 801 1725 896 ¹⁹).

502 930 579 997 ego.
1181 905 1359 977 Omnibus
1379 907 1494 988 enim,
1527 906 1656 998 quibus
1679 929 1784 974 curae
1808 920 1880 989 est,
1914 921 1949 978 et
1971 915 2122 1000 posteris

139 1012 310 1107 Quisquis
343 1011 486 1104 quidem
509 1021 614 1099 putat
635 1008 838 1100 proximum
864 1035 966 1080 suum
991 1008 1078 1078 scire
1545 1032 1712 1090 carmen,

496 1107 607 1194 nihil,
1232 1109 1312 1181 Eris
1330 1135 1429 1195 cum,
1456 1113 1570 1180 donec
1583 1122 1679 1179 terra
1699 1123 1735 1179 et
1750 1111 1803 1180 sol
1819 1123 1930 1181 erunt.

192 1218 260 1285 Sed
275 1240 310 1285 se
320 1214 366 1309 ¹⁶)
383 1216 458 1306 ipse
474 1215 588 1282 solum
604 1212 703 1281 varia
722 1213 868 1282 consilia
886 1210 1035 1282 babere:
1184 1212 1372 1283 Caeterum
1396 1238 1461 1305 ego
1484 1214 1662 1282 modicam
1688 1237 1707 1280 a
1734 1224 1768 1280 te
1793 1237 1993 1307 consequor
2022 1240 2122 1285 reve-

138 1318 201 1388 llle
217 1341 303 1390 sane
317 1340 440 1387 amens
456 1329 525 1398 est,
552 1328 671 1386 mente
685 1316 847 1407 privatus
865 1317 977 1394 bona;
1541 1315 1712 1384 rentiam:

191 1423 314 1515 Aeque
331 1422 425 1489 enim
444 1441 568 1489 omnes
581 1419 681 1487 varia
695 1419 836 1489 scimus.
1234 1416 1331 1508 Quin
1356 1430 1527 1511 tanquam
1553 1418 1720 1508 pusillum
1746 1440 1895 1506 puerum
1920 1420 2037 1489 verbis
2067 1447 2123 1490 me

90 1520 166 1598 225
193 1523 260 1592 Sed
290 1518 348 1591 bic
378 1522 521 1615 quidem
551 1544 625 1589 non
659 1523 734 1591 vult
760 1536 881 1612 turpes
913 1531 1080 1613 quaestus
1382 1554 1387 1561 ·
1543 1517 1688 1609 decipis.

506 1624 625 1716 sequi;
989 1619 991 1623 ’
1132 1616 1208 1695 255
1235 1617 1520 1692 Pulcherrimum
1543 1626 1671 1702 estid,
1697 1617 2123 1715 quodestiustissimum;

191 1725 306 1797 Alteri
321 1751 430 1807 vero,
457 1725 531 1794 doli
548 1725 661 1817 magis
678 1725 836 1796 infideles
853 1727 1003 1815 placent.
1545 1723 1720 1813 optimum
1742 1744 1826 1788 vero
1847 1732 1898 1789 est
1913 1724 2041 1794 valere.

141 1828 358 1899 Diuitiarum
375 1842 493 1897 autem
512 1830 630 1899 nullus
653 1839 702 1898 est
726 1829 804 1899 finis
827 1841 942 1897 certus
964 1826 1080 1897 bomi-
1236 1826 1306 1896 lles
1338 1849 1422 1893 vero
1450 1825 1703 1894 iucundissima
1732 1835 1784 1892 est
1816 1823 1874 1904 id,
1914 1829 2010 1916 quod
2047 1831 2126 1922 quis

496 1933 620 2012 nibi1s;
1495 1942 1498 1947 '
1547 1940 1665 2009 amat,
1693 1927 1844 2018 assequi.

193 2034 265 2127 Qui
281 2035 375 2104 enim
391 2058 545 2105 nuncex
566 2033 670 2103 nobis
687 2033 860 2125 plurimas
876 2030 1009 2103 babent
1031 2034 1082 2102 la·
1186 2029 1287 2122 Equa
1304 2052 1369 2120 ego
1384 2032 1464 2103 'sam
1485 2027 1654 2122 pulchra,
1688 2042 1722 2097 et
1749 2030 1931 2113 certatrix,
1964 2037 2023 2103 sed
2051 2062 2126 2127 pes.

507 2139 673 2220 cultates,
1550 2134 1681 2203 simum

63 2260 66 2267 ·
141 2238 260 2331 Duplo
286 2262 414 2331 augere
435 2265 493 2311 m
515 2252 731 2332 properam
762 2243 926 2333 quisnam
947 2253 1083 2311 satura.
1237 2235 1363 2303 Virum
1377 2236 1473 2317 lero,
1501 2233 1639 2303 etmihi
1659 2231 1727 2302 boc
1745 2235 2045 2308 molestissimum.

502 2343 595 2409 verit
613 2341 763 2409 omnes?
1187 2335 1299 2425 Saepe
1315 2339 1474 2425 profecto
1491 2338 1643 2429 cogitavi
1661 2324 1850 2427 ellribgens
1866 2341 2008 2409 frenum

92 2444 169 2516 250
193 2439 346 2534 Opes¹⁶)
362 2439 507 2531 quidem
524 2440 736 2509 mortalibus
752 2453 835 2508 sunt
853 2441 1022 2509 amentia.
1137 2435 1213 2506 260
1237 2435 1395 2523 Fugere,
1423 2443 1603 2509 excutiens
1621 2441 1754 2509 malum
1772 2440 1946 2528 aarrigam.
2160 2520 2162 2525 Ι

143 2538 268 2633 Ate¹'.¹)
285 2553 403 2608 autem
419 2538 538 2609 statim
556 2538 716 2627 emergit,
740 2562 847 2632 quam
864 2540 1086 2632 eumlupiter
1189 2537 1271 2606 Non
1299 2533 1386 2602 mihi
1408 2538 1544 2608 bibitur
1568 2543 1713 2621 vinum,
1747 2554 1938 2631 postquam
1963 2547 2009 2609 ad
2031 2548 2130 2634 puel-

194 2638 316 2710 Mutet
333 2640 599 2719 laborantibus,
625 2640 711 2712 alias
729 2641 819 2710 alius
835 2638 953 2713 babet.
1551 2643 1622 2707 lam
1638 2655 1797 2709 teneram

56 2757 59 2762 '
144 2744 219 2811 Arx
234 2755 270 2812 et
284 2743 393 2812 turris
409 2742 471 2834 qui
484 2754 562 2809 erat
576 2741 684 2810 stulto
699 2745 857 2834 populo,
1239 2741 1340 2811 Alius
1355 2740 1410 2807 vir
1424 2736 1581 2824 habitat,
1607 2743 1721 2810 multo
1738 2767 1795 2810 me
1814 2741 1934 2830 peior,

198 2844 332 2937 Cyrne,
369 2844 549 2912 modicum
574 2839 748 2915 bonorem
773 2847 1002 2941 consequitur
1022 2850 1086 2916 bo·
1188 2843 1370 2933 Frigidam
1388 2838 1478 2911 mihi
1492 2846 1587 2934 apud
1601 2868 1678 2912 eam
1692 2839 1790 2912 chari
1808 2843 1937 2913 bibunt
1954 2862 2132 2937 parentes,

500 2971 567 3015 nus
586 2946 650 3017 vir.
1240 2947 1362 3038 Quare
1380 2945 1487 3014 simul
1504 2958 1678 3040 aquator,
1713 2959 1747 3013 et
1762 2971 1820 3014 me
1836 2946 2037 3020 lamentans
2053 2954 2132 3024 fert.

96 3048 171 3124 235
197 3050 321 3144 Neque
347 3048 501 3140 amplius
530 3051 630 3117 dccet
660 3075 745 3132 nos,
784 3050 956 3121 nimirum
990 3052 1087 3123 viros
1138 3045 1214 3121 265
1239 3047 1313 3118 lllic
1345 3047 1500 3116 mediam
1530 3054 1640 3137 ipsam
1665 3049 1820 3138 puellam
1846 3051 2028 3139 amplexus
2046 3056 2133 3143 'bra-
2171 3076 2176 3083 ·

513 3145 649 3235 sal-vos,
1545 3146 1646 3233 ebio,
1673 3150 1851 3220 osculatus
1868 3175 1946 3220 sum

198 3253 350 3325 Diruere
388 3266 560 3347 tanquam
602 3254 754 3324 civitatis
793 3256 935 3324 moenia
980 3282 1087 3349 expu·
1244 3254 1401 3330 Collum;
1420 3253 1480 3322 illa
1495 3276 1582 3322 vero
1598 3265 1759 3323 tenerum
1776 3253 1991 3345 loquebatur
2003 3283 2045 3328 ex
2061 3285 2134 3332 ore.

510 3359 684 3448 gnandae.
1191 3356 1447 3448 Cognoscibilis
1460 3368 1510 3427 est
1525 3380 1610 3427 sane
1628 3370 1838 3446 paupertas,
1866 3370 1901 3425 et
1923 3360 2038 3430 aliena
2063 3365 2134 3432 eri-

147 3460 231 3530 Tibi
248 3460 391 3553 quidem
409 3484 473 3550 ego
493 3461 567 3530 alas
588 3460 689 3554 dedi,
725 3483 804 3527 cum
829 3461 958 3551 quibus
981 3488 1088 3555 super
1553 3471 1664 3537 stens;

509 3563 722 3633 immensum
743 3586 841 3630 mare
1241 3561 1366 3655 Neque
1383 3561 1477 3629 enim
1494 3561 1666 3630 inlocum
1682 3561 1800 3644 venit,
1826 3585 1941 3654 neque
1956 3563 2100 3638 iudicia.

196 3663 363 3745 Volabis,
387 3688 453 3755 per
468 3677 600 3736 terram
619 3689 762 3736 omnem
781 3665 940 3736 sublatus
1192 3665 1334 3756 Ubique
1364 3664 1459 3733 enim
1493 3664 1648 3733 deterius
1677 3658 1803 3746 babet,
1844 3665 1977 3756 ubique
1998 3680 2033 3735 et
2052 3692 2133 3759 per-

147 3764 284 3842 Facile;
312 3767 425 3854 epulis
441 3792 525 3837 vero
542 3783 577 3838 et
590 3769 764 3840 conviviis
779 3767 895 3837 aderis
1552 3766 1676 3844 mista;

95 3864 174 3938 240
200 3863 241 3934 ln
261 3868 445 3952 omnibus,
470 3872 667 3941 multorum
683 3895 828 3941 versans
842 3872 880 3937 in
895 3870 1027 3940 oribus.
1140 3870 1216 3941 270
1242 3868 1384 3962 Ubique
1407 3893 1492 3938 vero
1516 3869 1661 3938 inimica
1682 3869 1789 3939 simul
1817 3883 1887 3953 est,
1929 3873 2132 3967 ubicunque

148 3967 194 4038 Et
207 3981 242 4036 te
259 3993 339 4038 cum
353 3967 449 4039 tibiis
465 3973 605 4041 canoris
623 3971 767 4040 iuvenes
782 3974 851 4039 viri
1548 3973 1668 4042 fuerit.

199 4068 239 4138 ln
255 4072 392 4141 mundo
412 4073 582 4142 amabiles
598 4068 745 4142 honesta
765 4086 798 4139 et
813 4073 933 4141 suavia
951 4134 955 4141 ,
1190 4074 1397 4168 Aequaliter
1414 4099 1499 4144 sane
1515 4077 1584 4143 alia
1601 4073 1746 4168 quidem
1763 4074 1823 4141 Dii
1839 4078 2049 4147 mortalibus
2067 4073 2132 4149 bo·

149 4174 302 4254 Canent;
346 4188 381 4243 et
405 4189 595 4269 postquam
623 4177 827 4245 tenebrosas
849 4176 914 4244 sub
934 4175 1088 4243 latebras
1557 4177 1733 4258 minibus,

503 4293 620 4346 terrae
1241 4277 1537 4371 Senectutemque
1568 4300 1735 4368 gravem,
1768 4289 1803 4344 et
1826 4277 2046 4347 iuventutem
2072 4282 2131 4350 de·
2193 4288 2199 4293 “

197 4377 327 4462 lveris,
353 4381 531 4450 luctuosas
548 4381 585 4447 in
601 4379 695 4449 Ditis
712 4383 855 4448 domos:
1550 4382 1697 4460 derunt;

96 4478 172 4555 245
198 4482 413 4575 Nunquam,
445 4507 491 4550 ne
511 4496 675 4552 mortuus
697 4486 829 4576 quidem
851 4480 990 4550 amittes
1014 4480 1086 4570 glo·
1191 4481 1363 4552 Omnium
1386 4509 1471 4553 vero
1489 4484 1681 4576 pessimum
1701 4483 1794 4552 inter
1815 4478 1999 4566 homines,
2032 4508 2129 4553 mor-

512 4586 623 4668 riam,
650 4608 765 4676 neque
786 4584 929 4665 latebis,
1551 4600 1657 4681 teque

197 4685 403 4756 lmmortale
415 4682 623 4758 bominibus
635 4711 775 4778 semper
789 4684 925 4756 habens
942 4706 1086 4766 nomen,
1240 4685 1286 4756 Et
1304 4690 1470 4758 omnibus
1487 4691 1624 4759 morbis
1638 4700 1689 4758 est
1702 4687 1874 4781 nequius,

1041 4835 1045 4843 ·
1138 4784 1213 4861 275
1239 4789 1389 4861 Liberos
1404 4805 1594 4887 postquam
1616 4790 1840 4871 educaveris,
1873 4802 1909 4860 et
1930 4791 2126 4864 necessaria

1544 4894 1664 4963 omnia
1682 4892 1907 4983 praebueris,

110 4864 315 4882 *ιι-

135 5003 179 5060 15)
197 5004 244 5061 ss]
266 5000 293 5049 in
312 4995 452 5049 11111110.
471 4997 558 5049 deest.

132 5094 745 5231 ’.0133ἨῶΙῖ,(ἧ,τι’ἑξῖῗ“όῃξ,ρρῆ.’ῗ”“)
768 5098 853 5206 ΜΤ
876 5096 967 5161 Μ’
1000 5096 1086 5158 Μ’
1173 5160 1219 5214 ιε)
1237 5153 1402 5218 spissatas]
1419 5151 1459 5200 no
1485 5150 1532 5215 c:
1551 5154 1670 5214 raeces.
1688 5144 1796 5217 araas)
1816 5151 1900 5202 aare.
1922 5152 2116 5205 cass-ssu.

130 5272 179 5338 ¹⁷)
198 5268 264 5336 ase]
287 5270 327 5321 ¹¹0
350 5275 399 5331 (ε
417 5270 537 5335 recogn.
552 5265 633 5339 'Aru
657 5271 742 5324 narse.
765 5269 854 5333 csse,
881 5266 1086 5332 ssss.,=1m,‚
1205 5226 1256 5276 Μ·
1272 5225 1351 5277 00»
1365 5220 1522 5284 Saltum·

167 5343 261 5403 ¹³0¹&
288 5339 480 5397 1111111161..
499 5340 574 5390 111711.
591 5341 664 5391 mle
680 5338 853 5390 distractior:
878 5339 902 5385 Α
920 5339 956 5388 te.
1172 5330 1217 5385 19)
1237 5324 1446 5383 coronatarum]
1463 5322 1513 5375 ta.
1528 5324 1603 5375 taos.
1620 5323 1718 5373 nendo
1737 5323 1862 5385 typum:
1891 5324 2092 5373 cornutorum,

95 5429 280 5493 lissam.
304 5422 411 5485 Oeen.
434 5423 519 5485 Vos..
542 5424 637 5487 xlx.
1644 5396 1668 5460 2
