4784 6256
156 319 231 391 oro
302 280 305 288 “

156 488 319 570 fabulae,
352 490 449 581 quod
472 510 514 555 ex
535 487 666 555 femina
690 509 883 556 conversus
908 499 998 556 esset
1012 486 1050 553 in
1067 511 1143 554 ma·

157 616 248 660 rem.
300 587 365 658 Est
380 591 475 672 enim
494 589 662 658 usitatum
680 589 788 677 vulgo
807 589 987 678 appellare
1011 612 1072 657 eos
1095 590 1144 657 ie·

158 694 296 772 minas,
328 690 496 782 quisunt
518 690 604 759 viris
629 689 837 784 opprobrio.
888 690 946 759 sic
959 689 1145 761 Numanus

158 794 220 865 ille
237 789 510 879 virgilianusffi)
531 790 711 869 Troianos
728 804 833 860 vocat
849 792 1017 862 feminas:

229 909 253 958 0
271 904 512 977 νοτε-91913199,
536 906 716 968 nequeenim
734 906 877 970 Phryges:
902 905 985 967 lts⁸⁶)
1002 921 1052 971 por
1069 911 1130 960 alta

228 989 384 1054 Dindyma,
409 988 455 1039 ubl
472 989 598 1040 uructls
617 991 731 1042 biforem
749 993 796 1042 dot
814 992 1016 1046 ossismorum

229 1076 373 1137 'rompono
391 1085 443 1123 vos
462 1075 603 1138 buxusque
621 1078 702 1126 vocot
719 1077 904 1141 Berecynthia
921 1079 1016 1128 matris

227 1159 344 1210 luteast
372 1157 455 1208 stulto
472 1169 551 1209 armo
567 1159 656 1225 vtrts,
682 1163 711 1210 et
727 1150 816 1212 ocdtto
834 1162 919 1214 ferro.

78 1316 81 1323 ,
159 1248 287 1339 Neque
304 1247 372 1314 alia
387 1242 528 1313 ratione
547 1244 619 1315 nisi
640 1270 706 1337 per
729 1249 965 1339 opprobrium
988 1248 1146 1319 Caeneus

160 1360 311 1419 vocatur
336 1347 488 1430 femina,
530 1345 568 1415 id
600 1350 697 1440 quod
725 1362 823 1439 patet
856 1375 898 1419 ex
930 1347 985 1421 his
1019 1353 1147 1433 verbis,

155 1451 294 1545 ,quihus
327 1449 478 1518 Latreus
513 1446 714 1520 Centaurus
749 1475 830 1521 eum
864 1453 913 1521 ita
958 1455 1148 1544 compellat

164 1552 259 1644 (vn.
276 1549 353 1621 no
368 1552 458 1644 squ:

214 1691 337 1768 Erre,
382 1689 503 1769 Caeni,
541 1682 679 1774 feram?
726 1712 804 1758 raam
835 1701 871 1759 tu
904 1693 988 1761 mili
1005 1691 1148 1782 ”semina

573 1813 719 1876 semper,

219 1894 271 1958 ab
286 1890 370 1959 midi
391 1891 511 1959 Goerris
524 1895 604 1958 eris.

165 2025 252 2128 ltem
266 2022 362 2111 (Vss.
380 2016 643 2118 tto-476.):

448 2208 452 2216 .
493 2220 496 2227 ,
780 2149 965 2241 columque,

216 2250 255 2327 1,
281 2267 361 2331 cape
377 2267 450 2311 eum
465 2244 626 2326 calathis,
652 2256 685 2315 et
699 2253 847 2319 domina
859 2252 1123 2343 polliceturque,

74 2360 78 2370 '
146 2392 149 2395 -
216 2346 315 2416 Bella
329 2346 480 2437 relinque
497 2348 594 2414 siris.

165 2475 437 2551 lnvulnerabilis
460 2500 546 2545 vero
562 2479 685 2545 eadem
703 2478 747 2548 dc
765 2503 867 2553 causa
885 2483 1051 2573 lingitur,
1078 2506 1149 2576 qua

166 2582 321 2676 Cygnus.
372 2578 465 2649 Nam
480 2578 582 2647 aiunt
599 2577 779 2651 Caeneum
801 2584 907 2655 luisse
928 2587 981 2655 rei
1003 2586 1150 2655 bellicae

155 2675 340 2778 peritum,
367 2684 456 2749 adeo
475 2692 533 2764 ut,
561 2706 640 2750 cum
666 2683 820 2774 plurima
843 2688 980 2778 proelia
1002 2688 1151 2772 fecisset,

165 2808 352 2880 nunquam
370 2796 492 2852 tamen
509 2784 716 2856 vulneratus
730 2786 788 2857 sit·

344 2986 568 3058 Centauri
594 3011 672 3058 cur
695 2990 969 3082 nubigenae.

216 3137 296 3207 Vos.
308 3138 381 3210 211
400 3162 454 3230 sq.
480 3138 738 3229 Nubigenarque
749 3138 861 3227 feras,
885 3147 1006 3230 positis
1026 3170 1074 3216 ea
1093 3171 1152 3218 or·

574 3239 655 3304 dine
669 3243 812 3322 mensis,
1090 3254 1095 3263 '

219 3338 408 3445 Arboribus
419 3344 503 3406 tecto
516 3339 720 3406 discumbere
734 3345 882 3410 iusserat
896 3351 1006 3415 antro.

167 3469 373 3546 Thessaliae
394 3471 530 3568 equites
548 3473 731 3566 finguntur
746 3475 966 3567 nubigenae,
1004 3496 1153 3577 propter

169 3601 269 3647 arces
283 3574 322 3644 in
336 3575 516 3649 altissimis
532 3577 715 3650 montibus
728 3577 833 3663 sitas,
858 3580 921 3651 ubi
937 3584 1081 3655 fuerunt
1094 3611 1154 3679 ge-

169 3679 255 3761 niti;
281 3691 334 3751 est
347 3681 443 3751 enim
461 3676 643 3752 Thessalia
659 3679 758 3773 regio
776 3696 955 3758 montosa.
1013 3686 1151 3761 Eodem

167 3785 278 3854 modo
309 3784 509 3875 nubigenae
539 3783 625 3874 fingi
654 3795 804 3873 possunt
834 3789 929 3876 apud
952 3788 1152 3865 Germanos

170 3885 306 3975 equites
322 3882 454 3951 Franci
476 3894 511 3950 et
526 3880 750 3961 Tirolenses;
782 3907 867 3953 uam
887 3883 926 3957 hi
950 3916 1093 3987 quoque
1114 3896 1153 3964 in

170 3982 350 4052 altissimis
365 3981 545 4051 montium
558 3981 649 4072 iugis
666 3981 872 4072 gignuntur.

193 4179 469 4254 Convivium
503 4178 806 4273 Lapitharum
850 4203 893 4260 et
934 4190 1128 4268 Centau·

577 4307 743 4359 rorum.

273 4430 489 4504 Convivium
503 4433 740 4529 Lapitharum
757 4452 792 4510 et
808 4441 1069 4520 Centaurorum
1091 4454 1152 4522 de-

171 4547 323 4606 testatur
337 4535 544 4608 ebrietatem
569 4552 606 4609 et
626 4544 769 4627 caedes,
802 4570 894 4639 quae
916 4573 959 4618 ex
982 4552 1152 4624 ebrietate

171 4638 408 4730 proveniunt;
449 4640 534 4709 nam
566 4643 719 4715 ebrietas
740 4646 892 4738 impellit
916 4648 1080 4726 homines
1106 4661 1153 4727 ad

171 4742 326 4834 quodvis
340 4742 496 4826 facinus,
521 4756 561 4814 nt
576 4745 629 4815 ait
641 4746 883 4847 Horatius⁰⁰):

271 4858 303 4909 ln
321 4859 429 4922 proolls
445 4859 532 4911 trodlt
548 4861 687 4915 marmora.

168 5002 374 5020 Μ

202 5101 254 5183 os)
272 5117 353 5185 urg.
371 5123 440 5171 sen.
459 5118 510 5185 rx,
527 5121 684 5173 ors-ooo.

203 5232 254 5298 99)
272 5234 325 5298 tta]
344 5238 386 5287 sio
404 5237 503 5301 Virg.;
528 5239 719 5304 9191191999,
745 5241 820 5294 1999.
838 5244 925 5295 male:
952 5244 1000 5299 lta.

202 5348 251 5414 99)
270 5354 366 5404 tlorat.
382 5352 469 5415 Epist.
489 5352 510 5414 l,
528 5355 555 5415 9,
576 5354 633 5416 17.,
658 5356 704 5404 ubi
722 5360 814 5408 sortem
833 5360 892 5411 loco
911 5364 1061 5430 inermem,
1081 5366 1152 5429 quod

237 5421 325 5540 punerq.
342 5422 437 5482 roso„
464 5421 538 5471 roos.
555 5424 581 5474 o.
602 5424 621 5475 1.
645 5425 786 5492 sxsrosot,
822 5429 850 5479 m
867 5431 918 5481 no.
936 5435 1025 5488 onor.
1048 5434 1152 5499 remur

317 5502 368 5542 9111.

730 314 854 387 PHlL.
888 315 1001 387 MEL.
1034 315 1237 387 SCRIPTA
1271 311 1605 385 ruinosoulcs
1670 356 1673 363 ι
1769 346 1820 372 .··

2112 318 2190 395 620

1197 487 1382 578 Allegatur
1395 482 1501 557 huius
1516 486 1655 556 fabulae
1670 488 1869 577 exemplum
1891 488 1936 556 ah
1961 488 2093 558 codem
2115 490 2189 564 Ho-

1198 591 1297 658 ratio
1314 589 1350 656 in
1368 587 1517 682 Odisffl)
1534 602 1657 658 contra
1674 588 1880 658 ebrietatem
1896 584 1952 660 his
1968 584 2153 667 uersibus:

1264 703 1345 765 Attt)
1364 720 1398 755 ne
1417 705 1477 770 quis
1489 690 1615 785 ‘mollem
1640 705 1781 767 transiliat
1799 719 1913 759 munera
1930 707 2042 773 biberi,

1270 792 1426 844 Centaurea
1445 794 1536 842 monet
1555 804 1617 844 eun
1633 791 1757 855 hospitato
1775 791 1837 842 rin
1854 804 1938 856 sopor
2042 845 2046 855 ,

1267 877 1414 928 neoniam
1432 875 1563 934 ΜΝ).

1200 961 1292 1035 Non·
1301 964 1470 1035 dissimile
1487 964 1690 1034 convivium
1707 988 1788 1035 meo
1803 978 1965 1058 tempore
1990 982 2106 1040 aetum
2129 988 2185 1045 est

1198 1065 1238 1133 in
1256 1066 1385 1137 finibus
1401 1063 1622 1158 Thuringiae
1638 1079 1673 1135 et
1684 1066 1877 1151 Franciae,
1902 1070 1966 1140 ubi
1978 1073 2186 1165 equitesad

1198 1167 1341 1257 nuptias
1358 1169 1499 1243 invitati
1510 1168 1719 1241 Centaurice
1734 1193 1754 1238 a
1773 1171 1912 1262 poculis
1923 1173 2187 1250 descenderunt

1199 1270 1243 1337 ad
1261 1293 1381 1354 arma,
1405 1271 1593 1364 ipsumque
1608 1296 1779 1362 sponsum
1802 1298 1885 1345 curn
1907 1276 2111 1369 praecipuis
2135 1283 2186 1350 ai-

1198 1371 1327 1443 finibus
1347 1385 1382 1442 et
1396 1374 1555 1465 cognatis
1571 1373 1806 1445 trucidarunt.
1857 1374 2038 1450 Lucianus
2055 1382 2186 1452 descri-

1198 1474 1251 1542 bit
1265 1474 1380 1543 simile
1397 1476 1623 1557 convivium,
1648 1476 1773 1568 inquo
1797 1473 2006 1573 philosophi
2026 1483 2186 1556 diversa·

1200 1574 1280 1646 rum
1299 1577 1560 1668 professionum
1581 1580 1627 1646 ad
1641 1579 1785 1668 nuptias
1799 1580 1959 1667 invitati,
1984 1609 2060 1655 non
2078 1587 2185 1679 syllo-

1200 1677 1341 1768 gismis,
1374 1681 1435 1748 sed
1460 1682 1587 1771 pugnis
1612 1704 1712 1748 more
1734 1678 1996 1756 Centaurorum
2019 1700 2055 1757 et
2074 1687 2183 1780 Lapi-

1203 1776 1346 1850 tharum
1365 1782 1459 1850 inter
1475 1806 1511 1851 sc
1527 1785 1799 1854 contenderunt.

1256 1958 1333 2031 Vss.
1351 1961 1579 2034 601-603.
1622 1960 1742 2056 Quid
1768 1966 1936 2057 spicula
1961 1967 2117 2058 perdis

1250 2100 1426 2186 Sanguine
1438 2094 1590 2188 plebeio?
1601 2098 1648 2192 ⁰⁰)
1674 2106 1706 2172 si
1722 2129 1786 2196 quo
1799 2105 1919 2175 esttibi
1933 2129 2016 2176 cura
2030 2116 2182 2189 tuorrsm,

1258 2202 1395 2269 Vertere
1409 2203 1447 2269 in
1463 2205 1643 2271 Aeaciden.
2050 2224 2053 2231 '

1308 2315 1404 2386 llaec
1420 2320 1577 2391 carmina
1593 2323 1761 2415 usurpari
1777 2339 1928 2415 possunt
1946 2325 2021 2394 vice
2037 2348 2182 2416 prover·

1201 2415 1253 2485 bii
1286 2415 1324 2486 in
1353 2421 1600 2493 admonitione
1623 2427 1668 2493 ad
1690 2425 1888 2518 principes,
1928 2429 1989 2522 qui
2021 2427 2187 2496 bellicam

1203 2518 1360 2609 gloriam
1386 2536 1572 2615 expetunt,
1606 2539 1647 2596 ut
1667 2527 1877 2602 intermissis
1900 2530 2000 2602 hellis
2024 2528 2187 2599 civilibus

1204 2632 1240 2689 et
1258 2622 1418 2712 plebeiis,
1445 2627 1634 2720 acquirant
1648 2630 1834 2702 victoriam
1843 2656 1927 2703 non
1939 2657 1982 2702 ex
1996 2633 2107 2703 caede
2120 2629 2187 2699 mi-

1204 2746 1369 2794 serorum
1386 2727 1516 2799 civium
1533 2743 1569 2799 et
1590 2732 1824 2817 msticorum,
1856 2737 1918 2805 sed
1940 2758 1983 2804 ex
2004 2735 2102 2803 bello
2124 2733 2189 2801 ad·

1203 2849 1326 2897 versus
1343 2826 1499 2900 Turtam
1522 2856 1590 2923 pro
1613 2834 1727 2924 gloria
1748 2834 1816 2905 Dei
1837 2848 1872 2905 et
1893 2836 2100 2904 defensione
2117 2833 2192 2904 Ec·

1205 2927 1330 2998 clesiae
1369 2946 1542 3024 suscepto.
1613 2935 1690 3006 Hoc
1720 2936 1889 3007 nimirum
1922 2949 1976 3006 est
2013 2940 2105 3006 uerti
2150 2942 2190 3006 is

1138 3019 1145 3031 ¹
1201 3033 1381 3104 modun

1459 3220 1656 3295 Achillis
1688 3223 1925 3319 interitus.

1257 3350 1335 3424 Vss.
1352 3356 1426 3428 608
1440 3383 1492 3451 sq.
1518 3363 1580 3431 Ille
1596 3366 1701 3451 ipitur
1711 3372 1881 3434 tentorum
1895 3365 2002 3430 nidor
2017 3359 2161 3440 Achille,

1264 3459 1378 3529 Victus
1393 3458 1495 3557 erm)
1510 3488 1532 3532 a
1545 3469 1663 3536 timido
1679 3470 1805 3539 Graios
1820 3475 1956 3555 raptore
1969 3465 2127 3532 mansas.

1306 3573 1422 3648 Locus
1437 3582 1637 3652 communis
1659 3585 1702 3652 de
1727 3585 1857 3654 usitato
1877 3572 2026 3650 heroum
2037 3577 2068 3666 ¹)
2091 3577 2188 3643 iute-

1204 3672 1287 3746 ritu.
1339 3677 1552 3772 Saepissime
1567 3687 1663 3754 enim
1680 3684 1827 3770 accidit,
1853 3697 1893 3756 ut
1907 3677 2085 3753 fortissimi
2099 3676 2185 3769 qui-

1203 3798 1273 3868 que
1298 3778 1343 3847 ah
1373 3782 1610 3873 ignavissimis
1636 3786 1764 3858 [raude
1794 3784 2059 3858 interficiantur.
2126 3776 2190 3848 Sic

1202 3876 1322 3970 Scipio
1336 3884 1544 3972 Africanus,
1578 3888 1628 3958 sic
1641 3874 1834 3983 Pompeius
1858 3910 2026 3981 maguus,
2059 3880 2112 3954 sie
2130 3876 2191 3950 lu·

1204 3983 1272 4054 lius
1287 3985 1435 4073 Caesar,
1469 3992 1644 4086 multique
1669 3994 1729 4061 alii
1751 3991 1929 4086 perempti
1950 3998 2045 4061 suut.
2103 3984 2190 4055 Fer·

1204 4099 1264 4156 tur
1289 4104 1407 4160 autem
1424 4090 1580 4166 Achilles
1600 4094 1767 4167 insidiose
1789 4094 1924 4165 occisus
1947 4116 1969 4162 a
1990 4087 2123 4160 Paride
2149 4088 2187 4153 in

1204 4192 1340 4282 templo
1355 4193 1551 4287 Apollinis3
1577 4221 1662 4267 narn
1680 4223 1760 4270 cum
1776 4198 1860 4268 illuc
1876 4195 2032 4266 venisset
2058 4192 2097 4260 in
2116 4187 2186 4259 col·

1203 4290 1364 4384 loquium
1392 4323 1471 4368 cnm
1485 4298 1757 4386 Andromache,
1790 4297 1954 4369 Hectoris
1976 4318 2111 4376 uxore,
2142 4292 2186 4361 dc

1205 4393 1386 4488 Polyxena
1411 4401 1448 4469 in
1470 4403 1740 4473 matrimonium
1763 4404 1945 4485 ducenda,
1982 4424 2028 4469 ex
2050 4395 2187 4469 insidiis

1205 4495 1410 4572 interiectus
1424 4516 1476 4575 cst
1492 4507 1563 4576 telo
1578 4507 1737 4591 Paridis,
1762 4505 1824 4599 qui
1844 4530 1881 4576 se
1903 4504 1943 4572 iu
1967 4502 2108 4595 templo
2133 4520 2188 4566 or-

1206 4600 1412 4676 cultaverat.
1461 4604 1512 4676 Et
1526 4603 1609 4678 hinc
1624 4611 1773 4679 conficta
1798 4620 1851 4679 est
1872 4606 1992 4678 fabula
2016 4606 2063 4676 de
2077 4598 2188 4694 Apol·

1204 4774 1406 4791 ———-—.—.

1244 4884 1291 4950 97)
1311 4888 1405 4938 ltorat.
1426 4888 1475 4939 od
1487 4891 1509 4954 l,
1529 4890 1571 4959 18,
1587 4890 1676 4945 7-9.

1238 4986 1291 5055 98)
1308 4991 1345 5039 st
1361 5014 1396 5027 -
1414 5004 1498 5055 super
1516 4994 1660 5048 ussurus
1675 4993 1778 5058 hieru]
1801 4995 1844 5047 alo
1860 4994 1947 5048 adite
1966 4992 2060 5051 iffi,
2100 4990 2190 5049 1919ιὶ

1278 5058 1373 5110 floret.
1391 5061 1441 5110 ud.
1460 5056 1569 5117 neothi
1589 5067 1629 5115 Ac
1646 5091 1681 5102 -
1698 5077 1783 5128 snper
1801 5076 1878 5116 mero
1896 5064 2050 5114 Dsbohsts.

1241 5156 1290 5223 99)
1311 5163 1459 5227 &sputus
1473 5159 1615 5231 ptebetoi]
1636 5164 1887 5231 9199911919995,
1915 5165 2010 5229 1999.)
2038 5161 2125 5215 ovid.
2144 5162 2190 5215 19

1270 5230 1380 5282 tdltaclr.
1396 5234 1544 5298 Sanguine
1558 5228 1672 5298 plebis?
1696 5236 1751 5287 aas.

1239 5331 1425 5454 roopmrpreps
1441 5336 1486 5395 ee]
1504 5335 1546 5386 nc
1563 5336 1646 5390 ross.
1664 5337 1759 5399 nos,
1786 5338 1878 5399 roso.;
1911 5337 1991 5390 ono.
2011 5312 2071 5390 η’
2083 5336 2187 5389 usses

1331 5413 1348 5452 0
1409 5439 1417 5454 ι

1239 5504 1269 5563 1)
1287 5504 1417 5569 heroon]
1435 5506 1682 5573 modulatibus
1705 5509 1790 5561 nats.
1806 5511 1933 5576 1999ι,
1953 5510 2031 5564 1999.
2052 5511 2185 5564 berem.
