<?xml version="1.0" encoding="UTF-8"?>
<!DOCTYPE html PUBLIC "-//W3C//DTD XHTML 1.0 Transitional//EN"
    "http://www.w3.org/TR/xhtml1/DTD/xhtml1-transitional.dtd">
<html xmlns="http://www.w3.org/1999/xhtml" xml:lang="en" lang="en">
 <head>
  <title>
</title>
<meta http-equiv="Content-Type" content="text/html;charset=utf-8" />
  <meta name='ocr-system' content='tesseract 3.04.00' />
  <meta name='ocr-capabilities' content='ocr_page ocr_carea ocr_par ocr_line ocrx_word'/>
</head>
<body>
  <div class='ocr_page' id='page_1' title='image "./philippimelanth14melagoog_0269.png"; bbox 0 0 4778 6240; ppageno 0'>
   <div class='ocr_carea' id='block_1_1' title="bbox 55 287 131 362">
    <p class='ocr_par' dir='ltr' id='par_1_1' title="bbox 55 287 131 362">
     <span class='ocr_line' id='line_1_1' title="bbox 55 287 131 362; baseline -0.053 1"><span class='ocrx_word' id='word_1_1' title='bbox 55 287 131 362; x_wconf 82' lang='lat'><strong>509</strong></span> 
     </span>
    </p>
   </div>
   <div class='ocr_carea' id='block_1_2' title="bbox 54 447 1051 1469">
    <p class='ocr_par' dir='ltr' id='par_1_2' title="bbox 54 447 1051 1469">
     <span class='ocr_line' id='line_1_2' title="bbox 56 447 1046 542; baseline -0.009 -13"><span class='ocrx_word' id='word_1_2' title='bbox 56 464 170 529; x_wconf 83' lang='lat' dir='ltr'><strong>facete</strong></span> <span class='ocrx_word' id='word_1_3' title='bbox 186 477 267 524; x_wconf 91' lang='lat' dir='ltr'><strong>cum</strong></span> <span class='ocrx_word' id='word_1_4' title='bbox 287 450 502 542; x_wconf 79' lang='lat' dir='ltr'><strong>Gigantibus</strong></span> <span class='ocrx_word' id='word_1_5' title='bbox 517 450 625 519; x_wconf 90' lang='lat' dir='ltr'><strong>etiam</strong></span> <span class='ocrx_word' id='word_1_6' title='bbox 642 452 875 522; x_wconf 91' lang='lat' dir='ltr'><strong>conferuntur</strong></span> <span class='ocrx_word' id='word_1_7' title='bbox 887 447 1046 542; x_wconf 89' lang='lat' dir='ltr'><strong>pbiloso-</strong></span> 
     </span>
     <span class='ocr_line' id='line_1_3' title="bbox 54 553 1047 658; baseline -0.007 -29"><span class='ocrx_word' id='word_1_8' title='bbox 54 559 140 658; x_wconf 88' lang='lat' dir='ltr'><strong>phi,</strong></span> <span class='ocrx_word' id='word_1_9' title='bbox 168 557 230 652; x_wconf 92' lang='lat' dir='ltr'><strong>qui</strong></span> <span class='ocrx_word' id='word_1_10' title='bbox 247 553 399 645; x_wconf 88' lang='lat' dir='ltr'><strong>ingeniis</strong></span> <span class='ocrx_word' id='word_1_11' title='bbox 414 553 487 624; x_wconf 91' lang='lat' dir='ltr'><strong>suis</strong></span> <span class='ocrx_word' id='word_1_12' title='bbox 501 553 654 622; x_wconf 91' lang='lat' dir='ltr'><strong>nimium</strong></span> <span class='ocrx_word' id='word_1_13' title='bbox 673 555 877 637; x_wconf 88' lang='lat' dir='ltr'><strong>confidunt,</strong></span> <span class='ocrx_word' id='word_1_14' title='bbox 908 554 1047 648; x_wconf 78' lang='lat' dir='ltr'>sibique</span> 
     </span>
     <span class='ocr_line' id='line_1_4' title="bbox 57 656 1046 749; baseline -0.009 -16"><span class='ocrx_word' id='word_1_15' title='bbox 57 685 201 733; x_wconf 89' lang='lat' dir='ltr'><strong>omnem</strong></span> <span class='ocrx_word' id='word_1_16' title='bbox 216 656 413 749; x_wconf 77' lang='lat' dir='ltr'>sapientiae</span> <span class='ocrx_word' id='word_1_17' title='bbox 431 656 574 727; x_wconf 85' lang='lat' dir='ltr'><strong>laudem</strong></span> <span class='ocrx_word' id='word_1_18' title='bbox 598 668 790 748; x_wconf 91' lang='lat' dir='ltr'><strong>arrogant;</strong></span> <span class='ocrx_word' id='word_1_19' title='bbox 824 657 862 723; x_wconf 92' lang='lat' dir='ltr'><strong>in</strong></span> <span class='ocrx_word' id='word_1_20' title='bbox 885 678 928 724; x_wconf 93' lang='lat' dir='ltr'><strong>eo</strong></span> <span class='ocrx_word' id='word_1_21' title='bbox 952 656 1046 724; x_wconf 88' lang='lat' dir='ltr'><strong>libro</strong></span> 
     </span>
     <span class='ocr_line' id='line_1_5' title="bbox 55 750 1048 853; baseline -0.011 -16"><span class='ocrx_word' id='word_1_22' title='bbox 55 763 215 837; x_wconf 87' lang='lat' dir='ltr'>Phaedri</span> <span class='ocrx_word' id='word_1_23' title='bbox 238 761 345 829; x_wconf 89' lang='lat' dir='ltr'><strong>verba</strong></span> <span class='ocrx_word' id='word_1_24' title='bbox 368 771 450 828; x_wconf 89' lang='lat' dir='ltr'><strong>sunt</strong></span> <span class='ocrx_word' id='word_1_25' title='bbox 475 753 582 828; x_wconf 91' lang='lat' dir='ltr'><strong>haec:</strong></span> <span class='ocrx_word' id='word_1_26' title='bbox 622 759 735 853; x_wconf 89' lang='lat' dir='ltr'><strong>Atqui</strong></span> <span class='ocrx_word' id='word_1_27' title='bbox 765 755 856 827; x_wconf 91' lang='lat' dir='ltr'><strong>mihi</strong></span> <span class='ocrx_word' id='word_1_28' title='bbox 880 750 1048 829; x_wconf 84' lang='lat' dir='ltr'><strong>videntur</strong></span> 
     </span>
     <span class='ocr_line' id='line_1_6' title="bbox 59 859 1048 951; baseline -0.008 -15"><span class='ocrx_word' id='word_1_29' title='bbox 59 881 196 937; x_wconf 86' lang='lat' dir='ltr'><strong>veteres</strong></span> <span class='ocrx_word' id='word_1_30' title='bbox 222 863 273 931; x_wconf 92' lang='lat' dir='ltr'><strong>illi</strong></span> <span class='ocrx_word' id='word_1_31' title='bbox 296 859 392 931; x_wconf 92' lang='lat' dir='ltr'><strong>haud</strong></span> <span class='ocrx_word' id='word_1_32' title='bbox 418 861 561 950; x_wconf 83' lang='lat' dir='ltr'><strong>illepide</strong></span> <span class='ocrx_word' id='word_1_33' title='bbox 587 861 631 929; x_wconf 91' lang='lat' dir='ltr'><strong>de</strong></span> <span class='ocrx_word' id='word_1_34' title='bbox 647 859 862 951; x_wconf 78' lang='lat' dir='ltr'><strong>Gigantibus</strong></span> <span class='ocrx_word' id='word_1_35' title='bbox 885 860 1048 943; x_wconf 89' lang='lat' dir='ltr'><strong>fabulati,</strong></span> 
     </span>
     <span class='ocr_line' id='line_1_7' title="bbox 59 963 1048 1065; baseline -0.008 -26"><span class='ocrx_word' id='word_1_36' title='bbox 59 994 131 1065; x_wconf 93' lang='lat' dir='ltr'><strong>quo</strong></span> <span class='ocrx_word' id='word_1_37' title='bbox 162 964 293 1037; x_wconf 92' lang='lat' dir='ltr'><strong>horum</strong></span> <span class='ocrx_word' id='word_1_38' title='bbox 325 964 553 1033; x_wconf 76' lang='lat' dir='ltr'><strong>insolentiam</strong></span> <span class='ocrx_word' id='word_1_39' title='bbox 584 963 893 1057; x_wconf 83' lang='lat' dir='ltr'><strong>temeritatemque</strong></span> <span class='ocrx_word' id='word_1_40' title='bbox 923 988 1048 1053; x_wconf 92' lang='lat' dir='ltr'><strong>argue-</strong></span> 
     </span>
     <span class='ocr_line' id='line_1_8' title="bbox 59 1067 1046 1169; baseline -0.009 -27"><span class='ocrx_word' id='word_1_41' title='bbox 59 1084 160 1153; x_wconf 87' lang='lat' dir='ltr'><strong>rent,</strong></span> <span class='ocrx_word' id='word_1_42' title='bbox 194 1070 290 1164; x_wconf 92' lang='lat' dir='ltr'><strong>quod</strong></span> <span class='ocrx_word' id='word_1_43' title='bbox 316 1091 355 1136; x_wconf 91' lang='lat' dir='ltr'><strong>ea</strong></span> <span class='ocrx_word' id='word_1_44' title='bbox 381 1092 419 1151; x_wconf 85' lang='lat' dir='ltr'><strong>re</strong></span> <span class='ocrx_word' id='word_1_45' title='bbox 442 1067 580 1169; x_wconf 64' lang='lat' dir='ltr'><strong>tirm&#39;gas</strong></span> <span class='ocrx_word' id='word_1_46' title='bbox 602 1067 780 1149; x_wconf 88' lang='lat' dir='ltr'><strong>adducor,</strong></span> <span class='ocrx_word' id='word_1_47' title='bbox 815 1078 855 1135; x_wconf 89' lang='lat' dir='ltr'><strong>ut</strong></span> <span class='ocrx_word' id='word_1_48' title='bbox 883 1069 1046 1135; x_wconf 89' lang='lat' dir='ltr'><strong>credam:</strong></span> 
     </span>
     <span class='ocr_line' id='line_1_9' title="bbox 60 1168 1049 1270; baseline -0.011 -25"><span class='ocrx_word' id='word_1_49' title='bbox 60 1176 158 1270; x_wconf 92' lang='lat' dir='ltr'><strong>quod</strong></span> <span class='ocrx_word' id='word_1_50' title='bbox 180 1173 231 1240; x_wconf 91' lang='lat' dir='ltr'><strong>illi</strong></span> <span class='ocrx_word' id='word_1_51' title='bbox 257 1171 439 1239; x_wconf 89' lang='lat' dir='ltr'><strong>montibus</strong></span> <span class='ocrx_word' id='word_1_52' title='bbox 462 1168 575 1239; x_wconf 83' lang='lat' dir='ltr'><strong>tribus</strong></span> <span class='ocrx_word' id='word_1_53' title='bbox 597 1181 768 1261; x_wconf 86' lang='lat' dir='ltr'><strong>tanquam</strong></span> <span class='ocrx_word' id='word_1_54' title='bbox 787 1169 974 1259; x_wconf 81' lang='lat' dir='ltr'><strong>gradibus,</strong></span> <span class='ocrx_word' id='word_1_55' title='bbox 999 1168 1049 1237; x_wconf 89' lang='lat' dir='ltr'><strong>sic</strong></span> 
     </span>
     <span class='ocr_line' id='line_1_10' title="bbox 60 1267 1050 1369; baseline -0.009 -23"><span class='ocrx_word' id='word_1_56' title='bbox 60 1269 266 1369; x_wconf 89' lang='lat' dir='ltr'><strong>philosophi</strong></span> <span class='ocrx_word' id='word_1_57' title='bbox 284 1273 406 1354; x_wconf 91' lang='lat' dir='ltr'><strong>trinis,</strong></span> <span class='ocrx_word' id='word_1_58' title='bbox 432 1285 536 1340; x_wconf 90' lang='lat' dir='ltr'><strong>antea</strong></span> <span class='ocrx_word' id='word_1_59' title='bbox 562 1295 580 1339; x_wconf 95' lang='lat' dir='ltr'><strong>a</strong></span> <span class='ocrx_word' id='word_1_60' title='bbox 607 1272 711 1341; x_wconf 89' lang='lat' dir='ltr'><strong>nobis</strong></span> <span class='ocrx_word' id='word_1_61' title='bbox 736 1273 945 1340; x_wconf 89' lang='lat' dir='ltr'><strong>memoratis</strong></span> <span class='ocrx_word' id='word_1_62' title='bbox 969 1267 1050 1361; x_wconf 92' lang='lat' dir='ltr'><strong>pbi-</strong></span> 
     </span>
     <span class='ocr_line' id='line_1_11' title="bbox 58 1371 1051 1469; baseline -0.007 -22"><span class='ocrx_word' id='word_1_63' title='bbox 58 1373 245 1469; x_wconf 89' lang='lat' dir='ltr'><strong>losophiae</strong></span> <span class='ocrx_word' id='word_1_64' title='bbox 273 1375 501 1467; x_wconf 79' lang='lat' dir='ltr'><strong>partibusin</strong></span> <span class='ocrx_word' id='word_1_65' title='bbox 533 1371 702 1444; x_wconf 90' lang='lat' dir='ltr'><strong>altissima</strong></span> <span class='ocrx_word' id='word_1_66' title='bbox 737 1373 815 1442; x_wconf 90' lang='lat' dir='ltr'><strong>loca</strong></span> <span class='ocrx_word' id='word_1_67' title='bbox 851 1374 1051 1441; x_wconf 92' lang='lat' dir='ltr'><strong>moliuntur</strong></span> 
     </span>
    </p>
   </div>
   <div class='ocr_carea' id='block_1_3' title="bbox 62 1504 264 1553">
    <p class='ocr_par' dir='ltr' id='par_1_3' title="bbox 62 1504 264 1553">
     <span class='ocr_line' id='line_1_12' title="bbox 62 1504 264 1553; baseline -0.025 -3"><span class='ocrx_word' id='word_1_68' title='bbox 62 1504 244 1553; x_wconf 70' lang='lat' dir='ltr'><strong>ascensum</strong></span> <span class='ocrx_word' id='word_1_69' title='bbox 258 1504 264 1545; x_wconf 89' lang='lat'>:</span> 
     </span>
    </p>
   </div>
   <div class='ocr_carea' id='block_1_4' title="bbox 164 1590 1032 1828">
    <p class='ocr_par' dir='ltr' id='par_1_4' title="bbox 164 1590 1032 1828">
     <span class='ocr_line' id='line_1_13' title="bbox 164 1590 787 1667; baseline -0.006 -23"><span class='ocrx_word' id='word_1_70' title='bbox 164 1595 220 1644; x_wconf 69' lang='lat' dir='ltr'><strong>Ter</strong></span> <span class='ocrx_word' id='word_1_71' title='bbox 237 1594 302 1643; x_wconf 88' lang='lat' dir='ltr'><strong>sunt</strong></span> <span class='ocrx_word' id='word_1_72' title='bbox 319 1591 415 1667; x_wconf 48' lang='lat' dir='ltr'><strong>consti,</strong></span> <span class='ocrx_word' id='word_1_73' title='bbox 429 1590 570 1655; x_wconf 80' lang='lat' dir='ltr'><strong>imponere</strong></span> <span class='ocrx_word' id='word_1_74' title='bbox 588 1590 666 1642; x_wconf 75' lang='lat' dir='ltr'><strong>Pelio</strong></span> <span class='ocrx_word' id='word_1_75' title='bbox 685 1591 787 1642; x_wconf 83' lang='lat' dir='ltr'><strong>ossam</strong></span> 
     </span>
     <span class='ocr_line' id='line_1_14' title="bbox 164 1674 1032 1743; baseline -0.005 -13"><span class='ocrx_word' id='word_1_76' title='bbox 164 1678 295 1743; x_wconf 73' lang='lat' dir='ltr'><strong>Scilicet,</strong></span> <span class='ocrx_word' id='word_1_77' title='bbox 318 1679 402 1740; x_wconf 80' lang='lat' dir='ltr'><strong>atque</strong></span> <span class='ocrx_word' id='word_1_78' title='bbox 421 1678 511 1729; x_wconf 81' lang='lat' dir='ltr'><strong>ossae</strong></span> <span class='ocrx_word' id='word_1_79' title='bbox 527 1677 688 1727; x_wconf 80' lang='lat' dir='ltr'><strong>frondosum</strong></span> <span class='ocrx_word' id='word_1_80' title='bbox 705 1674 851 1726; x_wconf 81' lang='lat' dir='ltr'><strong>involvere</strong></span> <span class='ocrx_word' id='word_1_81' title='bbox 870 1674 1032 1739; x_wconf 68' lang='lat' dir='ltr'><strong>Olympum:</strong></span> 
     </span>
     <span class='ocr_line' id='line_1_15' title="bbox 165 1762 884 1828; baseline -0.001 -11"><span class='ocrx_word' id='word_1_82' title='bbox 165 1769 219 1818; x_wconf 69' lang='lat' dir='ltr'><strong>ter</strong></span> <span class='ocrx_word' id='word_1_83' title='bbox 236 1768 317 1828; x_wconf 82' lang='lat' dir='ltr'><strong>pater</strong></span> <span class='ocrx_word' id='word_1_84' title='bbox 334 1765 493 1816; x_wconf 76' lang='lat' dir='ltr'><strong>exstructos</strong></span> <span class='ocrx_word' id='word_1_85' title='bbox 512 1762 619 1813; x_wconf 85' lang='lat' dir='ltr'><strong>disiecit</strong></span> <span class='ocrx_word' id='word_1_86' title='bbox 635 1762 748 1813; x_wconf 84' lang='lat' dir='ltr'><strong>tutnine</strong></span> <span class='ocrx_word' id='word_1_87' title='bbox 765 1766 884 1816; x_wconf 73' lang='lat' dir='ltr'><strong>montes.</strong></span> 
     </span>
    </p>
   </div>
   <div class='ocr_carea' id='block_1_5' title="bbox 17 1847 1051 2561">
    <p class='ocr_par' dir='ltr' id='par_1_5' title="bbox 17 1847 1051 2561">
     <span class='ocr_line' id='line_1_16' title="bbox 60 1847 1051 1944; baseline -0.009 -20"><span class='ocrx_word' id='word_1_88' title='bbox 60 1855 211 1944; x_wconf 88' lang='lat' dir='ltr'><strong>Scripsit</strong></span> <span class='ocrx_word' id='word_1_89' title='bbox 225 1853 364 1934; x_wconf 89' lang='lat' dir='ltr'><strong>divine,</strong></span> <span class='ocrx_word' id='word_1_90' title='bbox 391 1865 431 1920; x_wconf 92' lang='lat' dir='ltr'><strong>ut</strong></span> <span class='ocrx_word' id='word_1_91' title='bbox 453 1851 595 1932; x_wconf 91' lang='lat' dir='ltr'><strong>omnia,</strong></span> <span class='ocrx_word' id='word_1_92' title='bbox 622 1863 727 1941; x_wconf 93' lang='lat' dir='ltr'><strong>poeta</strong></span> <span class='ocrx_word' id='word_1_93' title='bbox 751 1852 912 1919; x_wconf 89' lang='lat' dir='ltr'><strong>omnium</strong></span> <span class='ocrx_word' id='word_1_94' title='bbox 937 1847 1051 1918; x_wconf 85' lang='lat' dir='ltr'><strong>maxi-</strong></span> 
     </span>
     <span class='ocr_line' id='line_1_17' title="bbox 60 1952 1048 2049; baseline -0.005 -24"><span class='ocrx_word' id='word_1_95' title='bbox 60 1955 217 2049; x_wconf 81' lang='lat' dir='ltr'><strong>mns¹⁸);</strong></span> <span class='ocrx_word' id='word_1_96' title='bbox 258 1979 323 2022; x_wconf 90' lang='lat' dir='ltr'><strong>nec</strong></span> <span class='ocrx_word' id='word_1_97' title='bbox 354 1967 428 2022; x_wconf 91' lang='lat' dir='ltr'><strong>tam</strong></span> <span class='ocrx_word' id='word_1_98' title='bbox 458 1955 516 2023; x_wconf 92' lang='lat' dir='ltr'><strong>ille</strong></span> <span class='ocrx_word' id='word_1_99' title='bbox 549 1966 589 2022; x_wconf 91' lang='lat' dir='ltr'><strong>ut</strong></span> <span class='ocrx_word' id='word_1_100' title='bbox 610 1953 827 2043; x_wconf 88' lang='lat' dir='ltr'><strong>Gigantum,</strong></span> <span class='ocrx_word' id='word_1_101' title='bbox 863 1952 925 2045; x_wconf 93' lang='lat' dir='ltr'><strong>qui</strong></span> <span class='ocrx_word' id='word_1_102' title='bbox 955 1964 1048 2021; x_wconf 90' lang='lat' dir='ltr'><strong>certe</strong></span> 
     </span>
     <span class='ocr_line' id='line_1_18' title="bbox 17 2052 1049 2149; baseline -0.002 -23"><span class='ocrx_word' id='word_1_103' title='bbox 17 2096 20 2101; x_wconf 95' lang='lat'>·</span> <span class='ocrx_word' id='word_1_104' title='bbox 61 2057 152 2128; x_wconf 91' lang='lat' dir='ltr'><strong>nulli</strong></span> <span class='ocrx_word' id='word_1_105' title='bbox 166 2059 202 2126; x_wconf 92' lang='lat' dir='ltr'><strong>id</strong></span> <span class='ocrx_word' id='word_1_106' title='bbox 218 2069 386 2148; x_wconf 90' lang='lat' dir='ltr'><strong>egerunt,</strong></span> <span class='ocrx_word' id='word_1_107' title='bbox 410 2081 517 2149; x_wconf 90' lang='lat' dir='ltr'><strong>quam</strong></span> <span class='ocrx_word' id='word_1_108' title='bbox 534 2069 575 2125; x_wconf 91' lang='lat' dir='ltr'><strong>ut</strong></span> <span class='ocrx_word' id='word_1_109' title='bbox 592 2052 781 2124; x_wconf 91' lang='lat' dir='ltr'><strong>hominum</strong></span> <span class='ocrx_word' id='word_1_110' title='bbox 801 2055 873 2125; x_wconf 88' lang='lat' dir='ltr'><strong>suis</strong></span> <span class='ocrx_word' id='word_1_111' title='bbox 897 2054 1049 2144; x_wconf 91' lang='lat' dir='ltr'><strong>ingeniis</strong></span> 
     </span>
     <span class='ocr_line' id='line_1_19' title="bbox 60 2158 1049 2249; baseline -0.003 -21"><span class='ocrx_word' id='word_1_112' title='bbox 60 2160 213 2229; x_wconf 90' lang='lat' dir='ltr'><strong>nimium</strong></span> <span class='ocrx_word' id='word_1_113' title='bbox 263 2159 518 2229; x_wconf 86' lang='lat' dir='ltr'><strong>confidentium</strong></span> <span class='ocrx_word' id='word_1_114' title='bbox 570 2158 814 2249; x_wconf 86' lang='lat' dir='ltr'><strong>arrogantiam</strong></span> <span class='ocrx_word' id='word_1_115' title='bbox 861 2159 1049 2239; x_wconf 79' lang='lat' dir='ltr'><strong>refelleret,</strong></span> 
     </span>
     <span class='ocr_line' id='line_1_20' title="bbox 63 2260 1049 2356; baseline -0.005 -25"><span class='ocrx_word' id='word_1_116' title='bbox 63 2287 283 2356; x_wconf 90' lang='lat' dir='ltr'><strong>quamquam</strong></span> <span class='ocrx_word' id='word_1_117' title='bbox 301 2285 377 2329; x_wconf 94' lang='lat' dir='ltr'><strong>non</strong></span> <span class='ocrx_word' id='word_1_118' title='bbox 391 2261 526 2350; x_wconf 90' lang='lat' dir='ltr'><strong>ingenii</strong></span> <span class='ocrx_word' id='word_1_119' title='bbox 544 2273 614 2342; x_wconf 88' lang='lat' dir='ltr'><strong>ost,</strong></span> <span class='ocrx_word' id='word_1_120' title='bbox 640 2262 703 2330; x_wconf 89' lang='lat' dir='ltr'><strong>sed</strong></span> <span class='ocrx_word' id='word_1_121' title='bbox 721 2260 935 2342; x_wconf 90' lang='lat' dir='ltr'><strong>dementiae,</strong></span> <span class='ocrx_word' id='word_1_122' title='bbox 956 2283 1049 2349; x_wconf 90' lang='lat' dir='ltr'><strong>quae</strong></span> 
     </span>
     <span class='ocr_line' id='line_1_21' title="bbox 62 2359 1049 2456; baseline -0.003 -23"><span class='ocrx_word' id='word_1_123' title='bbox 62 2365 162 2435; x_wconf 93' lang='lat' dir='ltr'><strong>nullo</strong></span> <span class='ocrx_word' id='word_1_124' title='bbox 179 2362 328 2452; x_wconf 88' lang='lat' dir='ltr'><strong>intelligi</strong></span> <span class='ocrx_word' id='word_1_125' title='bbox 349 2375 454 2452; x_wconf 87' lang='lat' dir='ltr'><strong>pacto</strong></span> <span class='ocrx_word' id='word_1_126' title='bbox 479 2375 634 2456; x_wconf 90' lang='lat' dir='ltr'><strong>queunt,</strong></span> <span class='ocrx_word' id='word_1_127' title='bbox 667 2363 768 2430; x_wconf 91' lang='lat' dir='ltr'><strong>inea</strong></span> <span class='ocrx_word' id='word_1_128' title='bbox 792 2359 906 2429; x_wconf 90' lang='lat' dir='ltr'><strong>nihilo</strong></span> <span class='ocrx_word' id='word_1_129' title='bbox 930 2363 1049 2431; x_wconf 91' lang='lat' dir='ltr'><strong>minus</strong></span> 
     </span>
     <span class='ocr_line' id='line_1_22' title="bbox 62 2464 901 2561; baseline -0.002 -26"><span class='ocrx_word' id='word_1_130' title='bbox 62 2467 192 2535; x_wconf 84' lang='lat' dir='ltr'><strong>mentis</strong></span> <span class='ocrx_word' id='word_1_131' title='bbox 207 2465 319 2534; x_wconf 86' lang='lat' dir='ltr'><strong>aciem</strong></span> <span class='ocrx_word' id='word_1_132' title='bbox 336 2467 382 2532; x_wconf 93' lang='lat' dir='ltr'><strong>ad</strong></span> <span class='ocrx_word' id='word_1_133' title='bbox 399 2465 669 2555; x_wconf 89' lang='lat' dir='ltr'><strong>intelligendum</strong></span> <span class='ocrx_word' id='word_1_134' title='bbox 688 2464 901 2561; x_wconf 43' lang='lat' dir='ltr'><strong>intendere..</strong></span> 
     </span>
    </p>
   </div>
   <div class='ocr_carea' id='block_1_6' title="bbox 260 2629 855 2722">
    <p class='ocr_par' dir='ltr' id='par_1_6' title="bbox 260 2629 855 2722">
     <span class='ocr_line' id='line_1_23' title="bbox 260 2629 855 2722; baseline 0.01 -23"><span class='ocrx_word' id='word_1_135' title='bbox 260 2629 441 2722; x_wconf 90' lang='lat' dir='ltr'><strong>Iupiter</strong></span> <span class='ocrx_word' id='word_1_136' title='bbox 469 2657 545 2703; x_wconf 91' lang='lat' dir='ltr'><strong>cur</strong></span> <span class='ocrx_word' id='word_1_137' title='bbox 571 2634 855 2705; x_wconf 85' lang='lat' dir='ltr'><strong>fulminator.</strong></span> 
     </span>
    </p>
   </div>
   <div class='ocr_carea' id='block_1_7' title="bbox 16 2763 1054 3904">
    <p class='ocr_par' dir='ltr' id='par_1_7' title="bbox 114 2763 1052 3042">
     <span class='ocr_line' id='line_1_24' title="bbox 114 2763 1052 2860; baseline 0.003 -23"><span class='ocrx_word' id='word_1_138' title='bbox 114 2767 192 2838; x_wconf 89' lang='lat' dir='ltr'><strong>Vss.</strong></span> <span class='ocrx_word' id='word_1_139' title='bbox 214 2763 288 2837; x_wconf 79' lang='lat'><strong>154</strong></span> <span class='ocrx_word' id='word_1_140' title='bbox 305 2794 358 2859; x_wconf 89' lang='lat' dir='ltr'><strong>sq.</strong></span> <span class='ocrx_word' id='word_1_141' title='bbox 396 2774 481 2840; x_wconf 71' lang='lat' dir='ltr'><strong>flam</strong></span> <span class='ocrx_word' id='word_1_142' title='bbox 501 2781 601 2857; x_wconf 82' lang='lat' dir='ltr'><strong>pater</strong></span> <span class='ocrx_word' id='word_1_143' title='bbox 625 2775 833 2860; x_wconf 80' lang='lat' dir='ltr'><strong>omnipotens</strong></span> <span class='ocrx_word' id='word_1_144' title='bbox 856 2775 958 2841; x_wconf 82' lang='lat' dir='ltr'><strong>misso</strong></span> <span class='ocrx_word' id='word_1_145' title='bbox 970 2795 1052 2860; x_wconf 76' lang='lat' dir='ltr'><strong>per-</strong></span> 
     </span>
     <span class='ocr_line' id='line_1_25' title="bbox 323 2868 622 2962; baseline 0.013 -24"><span class='ocrx_word' id='word_1_146' title='bbox 323 2868 429 2960; x_wconf 71' lang='lat' dir='ltr'><strong>fregit</strong></span> <span class='ocrx_word' id='word_1_147' title='bbox 447 2875 622 2962; x_wconf 77' lang='lat' dir='ltr'><strong>Olympum</strong></span> 
     </span>
     <span class='ocr_line' id='line_1_26' title="bbox 232 2975 502 3042; baseline -0.011 -2"><span class='ocrx_word' id='word_1_148' title='bbox 232 2975 397 3042; x_wconf 77' lang='lat' dir='ltr'><strong>Fulmina.</strong></span> <span class='ocrx_word' id='word_1_149' title='bbox 500 3032 502 3037; x_wconf 90' lang='lat'><strong>.</strong></span> 
     </span>
    </p>

    <p class='ocr_par' dir='ltr' id='par_1_8' title="bbox 16 3086 1054 3904">
     <span class='ocr_line' id='line_1_27' title="bbox 146 3086 1051 3182; baseline 0.003 -27"><span class='ocrx_word' id='word_1_150' title='bbox 146 3088 283 3159; x_wconf 82' lang='lat' dir='ltr'><strong>Plinius</strong></span> <span class='ocrx_word' id='word_1_151' title='bbox 292 3089 337 3182; x_wconf 68' lang='grc'><strong>19)</strong></span> <span class='ocrx_word' id='word_1_152' title='bbox 351 3091 485 3172; x_wconf 87' lang='lat' dir='ltr'><strong>scribit,</strong></span> <span class='ocrx_word' id='word_1_153' title='bbox 501 3086 594 3159; x_wconf 77' lang='lat' dir='ltr'><strong>hanc</strong></span> <span class='ocrx_word' id='word_1_154' title='bbox 609 3094 657 3160; x_wconf 92' lang='lat' dir='ltr'><strong>ob</strong></span> <span class='ocrx_word' id='word_1_155' title='bbox 669 3116 810 3161; x_wconf 89' lang='lat' dir='ltr'><strong>eausam</strong></span> <span class='ocrx_word' id='word_1_156' title='bbox 826 3089 901 3161; x_wconf 90' lang='lat' dir='ltr'><strong>lovi</strong></span> <span class='ocrx_word' id='word_1_157' title='bbox 915 3092 1051 3160; x_wconf 87' lang='lat' dir='ltr'><strong>fulmen</strong></span> 
     </span>
     <span class='ocr_line' id='line_1_28' title="bbox 65 3191 1052 3286; baseline -0.001 -26"><span class='ocrx_word' id='word_1_158' title='bbox 65 3192 256 3282; x_wconf 85' lang='lat' dir='ltr'><strong>assignari,</strong></span> <span class='ocrx_word' id='word_1_159' title='bbox 284 3197 382 3286; x_wconf 91' lang='lat' dir='ltr'><strong>quod</strong></span> <span class='ocrx_word' id='word_1_160' title='bbox 405 3194 500 3261; x_wconf 93' lang='lat' dir='ltr'><strong>inter</strong></span> <span class='ocrx_word' id='word_1_161' title='bbox 514 3194 712 3263; x_wconf 86' lang='lat' dir='ltr'><strong>Saturnum</strong></span> <span class='ocrx_word' id='word_1_162' title='bbox 734 3208 770 3263; x_wconf 87' lang='lat' dir='ltr'><strong>et</strong></span> <span class='ocrx_word' id='word_1_163' title='bbox 789 3195 940 3263; x_wconf 90' lang='lat' dir='ltr'><strong>Martem</strong></span> <span class='ocrx_word' id='word_1_164' title='bbox 957 3191 1052 3284; x_wconf 87' lang='lat' dir='ltr'><strong>lupi-</strong></span> 
     </span>
     <span class='ocr_line' id='line_1_29' title="bbox 65 3296 1052 3392; baseline 0.002 -29"><span class='ocrx_word' id='word_1_165' title='bbox 65 3308 120 3364; x_wconf 89' lang='lat' dir='ltr'><strong>ter</strong></span> <span class='ocrx_word' id='word_1_166' title='bbox 151 3296 198 3364; x_wconf 89' lang='lat' dir='ltr'><strong>sit</strong></span> <span class='ocrx_word' id='word_1_167' title='bbox 225 3297 382 3378; x_wconf 83' lang='lat' dir='ltr'><strong>medius,</strong></span> <span class='ocrx_word' id='word_1_168' title='bbox 424 3299 594 3390; x_wconf 88' lang='lat' dir='ltr'><strong>quodque</strong></span> <span class='ocrx_word' id='word_1_169' title='bbox 624 3298 826 3366; x_wconf 83' lang='lat' dir='ltr'><strong>contrariae</strong></span> <span class='ocrx_word' id='word_1_170' title='bbox 861 3297 1052 3392; x_wconf 90' lang='lat' dir='ltr'><strong>qualitates</strong></span> 
     </span>
     <span class='ocr_line' id='line_1_30' title="bbox 66 3395 1053 3491; baseline 0.001 -25"><span class='ocrx_word' id='word_1_171' title='bbox 66 3398 219 3467; x_wconf 74' lang='lat' dir='ltr'><strong>inanime</strong></span> <span class='ocrx_word' id='word_1_172' title='bbox 234 3400 272 3467; x_wconf 90' lang='lat' dir='ltr'><strong>in</strong></span> <span class='ocrx_word' id='word_1_173' title='bbox 286 3395 369 3468; x_wconf 89' lang='lat' dir='ltr'><strong>love</strong></span> <span class='ocrx_word' id='word_1_174' title='bbox 383 3412 529 3482; x_wconf 74' lang='lat' dir='ltr'><strong>coeant,</strong></span> <span class='ocrx_word' id='word_1_175' title='bbox 556 3424 599 3468; x_wconf 83' lang='lat' dir='ltr'><strong>ex</strong></span> <span class='ocrx_word' id='word_1_176' title='bbox 614 3401 799 3491; x_wconf 89' lang='lat' dir='ltr'><strong>superiore</strong></span> <span class='ocrx_word' id='word_1_177' title='bbox 813 3399 977 3470; x_wconf 90' lang='lat' dir='ltr'><strong>videlicet</strong></span> <span class='ocrx_word' id='word_1_178' title='bbox 990 3399 1053 3469; x_wconf 86' lang='lat' dir='ltr'><strong>Sa-</strong></span> 
     </span>
     <span class='ocr_line' id='line_1_31' title="bbox 66 3501 1053 3595; baseline 0.002 -27"><span class='ocrx_word' id='word_1_179' title='bbox 66 3503 165 3570; x_wconf 87' lang='lat' dir='ltr'><strong>turni</strong></span> <span class='ocrx_word' id='word_1_180' title='bbox 181 3501 313 3571; x_wconf 90' lang='lat' dir='ltr'><strong>circulo</strong></span> <span class='ocrx_word' id='word_1_181' title='bbox 329 3502 484 3595; x_wconf 88' lang='lat' dir='ltr'><strong>qualitas</strong></span> <span class='ocrx_word' id='word_1_182' title='bbox 505 3502 610 3570; x_wconf 90' lang='lat' dir='ltr'><strong>nimii</strong></span> <span class='ocrx_word' id='word_1_183' title='bbox 631 3505 797 3594; x_wconf 84' lang='lat' dir='ltr'><strong>frigoris,</strong></span> <span class='ocrx_word' id='word_1_184' title='bbox 825 3516 859 3572; x_wconf 91' lang='lat' dir='ltr'><strong>et</strong></span> <span class='ocrx_word' id='word_1_185' title='bbox 875 3528 917 3572; x_wconf 85' lang='lat' dir='ltr'><strong>ex</strong></span> <span class='ocrx_word' id='word_1_186' title='bbox 933 3502 1053 3570; x_wconf 90' lang='lat' dir='ltr'><strong>Marte</strong></span> 
     </span>
     <span class='ocr_line' id='line_1_32' title="bbox 67 3602 1054 3695; baseline 0 -23"><span class='ocrx_word' id='word_1_187' title='bbox 67 3605 220 3695; x_wconf 88' lang='lat' dir='ltr'><strong>qualitas</strong></span> <span class='ocrx_word' id='word_1_188' title='bbox 249 3605 352 3672; x_wconf 91' lang='lat' dir='ltr'><strong>nimii</strong></span> <span class='ocrx_word' id='word_1_189' title='bbox 377 3604 524 3683; x_wconf 89' lang='lat' dir='ltr'><strong>caloris;</strong></span> <span class='ocrx_word' id='word_1_190' title='bbox 567 3602 696 3674; x_wconf 89' lang='lat' dir='ltr'><strong>harum</strong></span> <span class='ocrx_word' id='word_1_191' title='bbox 720 3607 887 3676; x_wconf 89' lang='lat' dir='ltr'><strong>conflictu</strong></span> <span class='ocrx_word' id='word_1_192' title='bbox 916 3606 1054 3675; x_wconf 91' lang='lat' dir='ltr'><strong>fulmen</strong></span> 
     </span>
     <span class='ocr_line' id='line_1_33' title="bbox 66 3706 1052 3799; baseline 0.003 -27"><span class='ocrx_word' id='word_1_193' title='bbox 66 3728 148 3773; x_wconf 87' lang='lat' dir='ltr'><strong>cum</strong></span> <span class='ocrx_word' id='word_1_194' title='bbox 172 3706 310 3774; x_wconf 85' lang='lat' dir='ltr'><strong>tonitru</strong></span> <span class='ocrx_word' id='word_1_195' title='bbox 326 3707 439 3775; x_wconf 90' lang='lat' dir='ltr'><strong>emitti</strong></span> <span class='ocrx_word' id='word_1_196' title='bbox 458 3706 567 3774; x_wconf 83' lang='lat' dir='ltr'><strong>veluti</strong></span> <span class='ocrx_word' id='word_1_197' title='bbox 585 3731 626 3774; x_wconf 83' lang='lat' dir='ltr'><strong>ex</strong></span> <span class='ocrx_word' id='word_1_198' title='bbox 643 3707 815 3798; x_wconf 88' lang='lat' dir='ltr'><strong>flagrante</strong></span> <span class='ocrx_word' id='word_1_199' title='bbox 829 3710 927 3799; x_wconf 89' lang='lat' dir='ltr'><strong>ligno</strong></span> <span class='ocrx_word' id='word_1_200' title='bbox 944 3710 1052 3777; x_wconf 89' lang='lat' dir='ltr'><strong>carbo</strong></span> 
     </span>
     <span class='ocr_line' id='line_1_34' title="bbox 16 3808 1053 3904; baseline 0.005 -31"><span class='ocrx_word' id='word_1_201' title='bbox 16 3827 22 3833; x_wconf 88' lang='lat'>·</span> <span class='ocrx_word' id='word_1_202' title='bbox 65 3808 164 3873; x_wconf 81' lang='lat' dir='ltr'><strong>exilit</strong></span> <span class='ocrx_word' id='word_1_203' title='bbox 183 3830 263 3874; x_wconf 92' lang='lat' dir='ltr'><strong>cum</strong></span> <span class='ocrx_word' id='word_1_204' title='bbox 291 3809 426 3897; x_wconf 82' lang='lat' dir='ltr'><strong>crepitu</strong></span> <span class='ocrx_word' id='word_1_205' title='bbox 453 3820 602 3897; x_wconf 89' lang='lat' dir='ltr'><strong>propter</strong></span> <span class='ocrx_word' id='word_1_206' title='bbox 624 3813 818 3879; x_wconf 91' lang='lat' dir='ltr'><strong>earundem</strong></span> <span class='ocrx_word' id='word_1_207' title='bbox 840 3811 1053 3904; x_wconf 89' lang='lat' dir='ltr'><strong>qualitatum</strong></span> 
     </span>
    </p>
   </div>
   <div class='ocr_carea' id='block_1_8' title="bbox 65 3930 238 3998">
    <p class='ocr_par' dir='ltr' id='par_1_9' title="bbox 65 3930 238 3998">
     <span class='ocr_line' id='line_1_35' title="bbox 65 3930 238 3998; baseline 0.023 -25"><span class='ocrx_word' id='word_1_208' title='bbox 65 3930 238 3998; x_wconf 88' lang='lat' dir='ltr'><strong>pugnam.</strong></span> 
     </span>
    </p>
   </div>
   <div class='ocr_carea' id='block_1_9' title="bbox 311 4096 809 4168">
    <p class='ocr_par' dir='ltr' id='par_1_10' title="bbox 311 4096 809 4168">
     <span class='ocr_line' id='line_1_36' title="bbox 311 4096 809 4168; baseline 0.002 -2"><span class='ocrx_word' id='word_1_209' title='bbox 311 4096 572 4167; x_wconf 86' lang='lat' dir='ltr'><strong>Concilium</strong></span> <span class='ocrx_word' id='word_1_210' title='bbox 600 4098 809 4168; x_wconf 89' lang='lat' dir='ltr'><strong>Deorum.</strong></span> 
     </span>
    </p>
   </div>
   <div class='ocr_carea' id='block_1_10' title="bbox 61 4230 1055 4959">
    <p class='ocr_par' dir='ltr' id='par_1_11' title="bbox 116 4230 1055 4534">
     <span class='ocr_line' id='line_1_37' title="bbox 116 4230 1055 4328; baseline 0.002 -26"><span class='ocrx_word' id='word_1_211' title='bbox 116 4230 195 4302; x_wconf 78' lang='lat' dir='ltr'><strong>Vss.</strong></span> <span class='ocrx_word' id='word_1_212' title='bbox 212 4232 286 4302; x_wconf 78' lang='lat'><strong>166</strong></span> <span class='ocrx_word' id='word_1_213' title='bbox 301 4260 355 4328; x_wconf 91' lang='lat' dir='ltr'><strong>sq.</strong></span> <span class='ocrx_word' id='word_1_214' title='bbox 382 4240 538 4325; x_wconf 55' lang='lat' dir='ltr'><strong>Ingenua</strong></span> <span class='ocrx_word' id='word_1_215' title='bbox 555 4241 670 4306; x_wconf 77' lang='lat' dir='ltr'><strong>naimo</strong></span> <span class='ocrx_word' id='word_1_216' title='bbox 689 4247 721 4306; x_wconf 80' lang='lat' dir='ltr'><strong>es</strong></span> <span class='ocrx_word' id='word_1_217' title='bbox 743 4239 866 4325; x_wconf 69' lang='lat' dir='ltr'><strong>dignas</strong></span> <span class='ocrx_word' id='word_1_218' title='bbox 879 4237 955 4304; x_wconf 77' lang='lat' dir='ltr'><strong>10oe</strong></span> <span class='ocrx_word' id='word_1_219' title='bbox 975 4256 1055 4304; x_wconf 78' lang='lat' dir='ltr'><strong>cen-</strong></span> 
     </span>
     <span class='ocr_line' id='line_1_38' title="bbox 407 4343 625 4427; baseline 0.005 -20"><span class='ocrx_word' id='word_1_220' title='bbox 407 4357 408 4360; x_wconf 74' lang='grc'>’</span> <span class='ocrx_word' id='word_1_221' title='bbox 446 4343 529 4427; x_wconf 68' lang='lat' dir='ltr'><strong>cipit</strong></span> <span class='ocrx_word' id='word_1_222' title='bbox 550 4343 625 4409; x_wconf 83' lang='lat' dir='ltr'><strong>iras</strong></span> 
     </span>
     <span class='ocr_line' id='line_1_39' title="bbox 272 4442 647 4534; baseline -0.003 -24"><span class='ocrx_word' id='word_1_223' title='bbox 272 4442 525 4534; x_wconf 58' lang='lat' dir='ltr'><strong>Germilismme</strong></span> <span class='ocrx_word' id='word_1_224' title='bbox 543 4451 647 4511; x_wconf 74' lang='lat' dir='ltr'><strong>mat.</strong></span> 
     </span>
    </p>

    <p class='ocr_par' dir='ltr' id='par_1_12' title="bbox 61 4551 1054 4959">
     <span class='ocr_line' id='line_1_40' title="bbox 169 4551 1054 4651; baseline 0.001 -27"><span class='ocrx_word' id='word_1_225' title='bbox 169 4556 328 4626; x_wconf 91' lang='lat' dir='ltr'><strong>Deorum</strong></span> <span class='ocrx_word' id='word_1_226' title='bbox 344 4560 493 4627; x_wconf 86' lang='lat' dir='ltr'><strong>concilia</strong></span> <span class='ocrx_word' id='word_1_227' title='bbox 512 4563 610 4651; x_wconf 89' lang='lat' dir='ltr'><strong>apud</strong></span> <span class='ocrx_word' id='word_1_228' title='bbox 626 4569 750 4650; x_wconf 87' lang='lat' dir='ltr'><strong>poetas</strong></span> <span class='ocrx_word' id='word_1_229' title='bbox 763 4558 893 4626; x_wconf 84' lang='lat' dir='ltr'><strong>docent</strong></span> <span class='ocrx_word' id='word_1_230' title='bbox 906 4578 963 4628; x_wconf 89' lang='lat' dir='ltr'><strong>res</strong></span> <span class='ocrx_word' id='word_1_231' title='bbox 983 4551 1054 4625; x_wconf 91' lang='lat' dir='ltr'><strong>hu-</strong></span> 
     </span>
     <span class='ocr_line' id='line_1_41' title="bbox 63 4658 1054 4753; baseline 0.003 -28"><span class='ocrx_word' id='word_1_232' title='bbox 63 4682 191 4729; x_wconf 87' lang='lat' dir='ltr'><strong>manas</strong></span> <span class='ocrx_word' id='word_1_233' title='bbox 214 4683 288 4726; x_wconf 90' lang='lat' dir='ltr'><strong>non</strong></span> <span class='ocrx_word' id='word_1_234' title='bbox 314 4661 402 4728; x_wconf 87' lang='lat' dir='ltr'><strong>ferri</strong></span> <span class='ocrx_word' id='word_1_235' title='bbox 428 4685 530 4745; x_wconf 88' lang='lat' dir='ltr'><strong>casu,</strong></span> <span class='ocrx_word' id='word_1_236' title='bbox 562 4666 623 4732; x_wconf 90' lang='lat' dir='ltr'><strong>sed</strong></span> <span class='ocrx_word' id='word_1_237' title='bbox 647 4658 840 4753; x_wconf 87' lang='lat' dir='ltr'><strong>gubernari</strong></span> <span class='ocrx_word' id='word_1_238' title='bbox 863 4672 959 4729; x_wconf 86' lang='lat' dir='ltr'><strong>certo</strong></span> <span class='ocrx_word' id='word_1_239' title='bbox 981 4658 1054 4729; x_wconf 87' lang='lat' dir='ltr'><strong>Dei</strong></span> 
     </span>
     <span class='ocr_line' id='line_1_42' title="bbox 64 4758 1054 4846; baseline 0.002 -16"><span class='ocrx_word' id='word_1_240' title='bbox 64 4761 227 4830; x_wconf 85' lang='lat' dir='ltr'><strong>consilio.</strong></span> <span class='ocrx_word' id='word_1_241' title='bbox 291 4758 419 4830; x_wconf 91' lang='lat' dir='ltr'><strong>ltidem</strong></span> <span class='ocrx_word' id='word_1_242' title='bbox 445 4765 641 4833; x_wconf 87' lang='lat' dir='ltr'><strong>admonent</strong></span> <span class='ocrx_word' id='word_1_243' title='bbox 662 4761 753 4834; x_wconf 89' lang='lat' dir='ltr'><strong>nibil</strong></span> <span class='ocrx_word' id='word_1_244' title='bbox 773 4776 927 4846; x_wconf 89' lang='lat' dir='ltr'><strong>temere,</strong></span> <span class='ocrx_word' id='word_1_245' title='bbox 958 4758 1054 4832; x_wconf 92' lang='lat' dir='ltr'><strong>nibil</strong></span> 
     </span>
     <span class='ocr_line' id='line_1_43' title="bbox 61 4848 1054 4959; baseline 0.009 -27"><span class='ocrx_word' id='word_1_246' title='bbox 61 4864 267 4936; x_wconf 86' lang='lat' dir='ltr'><strong>inconsulto</strong></span> <span class='ocrx_word' id='word_1_247' title='bbox 284 4848 460 4958; x_wconf 64' lang='lat' dir='ltr'><strong>agendum</strong></span> <span class='ocrx_word' id='word_1_248' title='bbox 476 4864 515 4934; x_wconf 92' lang='lat' dir='ltr'><strong>in</strong></span> <span class='ocrx_word' id='word_1_249' title='bbox 530 4867 732 4959; x_wconf 73' lang='lat' dir='ltr'><strong>republica:</strong></span> <span class='ocrx_word' id='word_1_250' title='bbox 756 4891 841 4936; x_wconf 93' lang='lat' dir='ltr'><strong>nam</strong></span> <span class='ocrx_word' id='word_1_251' title='bbox 857 4866 887 4938; x_wconf 91' lang='lat' dir='ltr'><strong>si</strong></span> <span class='ocrx_word' id='word_1_252' title='bbox 902 4862 1054 4959; x_wconf 78' lang='lat' dir='ltr'><strong>Iupiter,</strong></span> 
     </span>
    </p>
   </div>
   <div class='ocr_carea' id='block_1_11' title="bbox 97 5113 1051 5558">
    <p class='ocr_par' dir='ltr' id='par_1_13' title="bbox 97 5113 1051 5558">
     <span class='ocr_line' id='line_1_44' title="bbox 134 5113 1051 5184; baseline 0.005 -18"><span class='ocrx_word' id='word_1_253' title='bbox 134 5117 323 5180; x_wconf 79' lang='lat' dir='ltr'><strong>philosophiae</strong></span> <span class='ocrx_word' id='word_1_254' title='bbox 341 5116 405 5167; x_wconf 85' lang='lat' dir='ltr'><strong>libri</strong></span> <span class='ocrx_word' id='word_1_255' title='bbox 423 5113 482 5167; x_wconf 88' lang='grc'>11.”</span> <span class='ocrx_word' id='word_1_256' title='bbox 505 5116 608 5179; x_wconf 83' lang='lat' dir='ltr'><strong>prodiit</strong></span> <span class='ocrx_word' id='word_1_257' title='bbox 624 5119 712 5184; x_wconf 79' lang='lat' dir='ltr'><strong>Logd.</strong></span> <span class='ocrx_word' id='word_1_258' title='bbox 733 5118 807 5170; x_wconf 69' lang='lat'><strong>¹588.</strong></span> <span class='ocrx_word' id='word_1_259' title='bbox 825 5123 851 5171; x_wconf 81' lang='grc'><strong>4.</strong></span> <span class='ocrx_word' id='word_1_260' title='bbox 875 5118 910 5169; x_wconf 90' lang='lat' dir='ltr'><strong>lb.</strong></span> <span class='ocrx_word' id='word_1_261' title='bbox 931 5118 1005 5169; x_wconf 73' lang='lat'><strong>15⁴³.</strong></span> <span class='ocrx_word' id='word_1_262' title='bbox 1023 5119 1051 5173; x_wconf 85' lang='grc'><strong>8.</strong></span> 
     </span>
     <span class='ocr_line' id='line_1_45' title="bbox 133 5185 1050 5319; baseline 0.003 -85"><span class='ocrx_word' id='word_1_263' title='bbox 133 5190 205 5305; x_wconf 56' lang='lat' dir='ltr'><strong>qma</strong></span> <span class='ocrx_word' id='word_1_264' title='bbox 205 5286 215 5303; x_wconf 91' lang='lat'><strong>.</strong></span> <span class='ocrx_word' id='word_1_265' title='bbox 234 5188 315 5319; x_wconf 45' lang='lat' dir='ltr'><strong>{¹1qu</strong></span> <span class='ocrx_word' id='word_1_266' title='bbox 317 5185 461 5318; x_wconf 75' lang='lat' dir='ltr'><strong>¹ttppgint:</strong></span> <span class='ocrx_word' id='word_1_267' title='bbox 498 5187 603 5237; x_wconf 77' lang='lat' dir='ltr'><strong>flantis.</strong></span> <span class='ocrx_word' id='word_1_268' title='bbox 630 5188 679 5238; x_wconf 86' lang='lat' dir='ltr'><strong>der</strong></span> <span class='ocrx_word' id='word_1_269' title='bbox 703 5189 811 5252; x_wconf 70' lang='lat' dir='ltr'><strong>allgem</strong></span> <span class='ocrx_word' id='word_1_270' title='bbox 830 5187 1050 5252; x_wconf 75' lang='lat' dir='ltr'><strong>niturergsssn.</strong></span> 
     </span>
     <span class='ocr_line' id='line_1_46' title="bbox 99 5336 584 5406; baseline 0.014 -19"><span class='ocrx_word' id='word_1_271' title='bbox 99 5336 146 5404; x_wconf 79' lang='lat'><strong>18)</strong></span> <span class='ocrx_word' id='word_1_272' title='bbox 164 5339 244 5403; x_wconf 76' lang='lat' dir='ltr'><strong>virg.</strong></span> <span class='ocrx_word' id='word_1_273' title='bbox 263 5342 365 5406; x_wconf 60' lang='grc' dir='ltr'><strong>θοοῖς.</strong></span> <span class='ocrx_word' id='word_1_274' title='bbox 384 5341 584 5405; x_wconf 77' lang='lat' dir='ltr'><strong>1,sst-ast.</strong></span> 
     </span>
     <span class='ocr_line' id='line_1_47' title="bbox 97 5424 1050 5558; baseline 0.005 -83"><span class='ocrx_word' id='word_1_275' title='bbox 97 5424 235 5558; x_wconf 51' lang='lat' dir='ltr'><strong>tttphltgin.</strong></span> <span class='ocrx_word' id='word_1_276' title='bbox 252 5426 315 5523; x_wconf 62' lang='lat' dir='ltr'><strong>Nat.</strong></span> <span class='ocrx_word' id='word_1_277' title='bbox 334 5428 406 5480; x_wconf 81' lang='lat' dir='ltr'><strong>flist.</strong></span> <span class='ocrx_word' id='word_1_278' title='bbox 424 5427 459 5494; x_wconf 86' lang='lat' dir='ltr'><strong>n,</strong></span> <span class='ocrx_word' id='word_1_279' title='bbox 477 5442 499 5479; x_wconf 78' lang='lat' dir='ltr'><strong>e</strong></span> <span class='ocrx_word' id='word_1_280' title='bbox 518 5429 558 5483; x_wconf 76' lang='lat'><strong>10.</strong></span> <span class='ocrx_word' id='word_1_281' title='bbox 583 5430 634 5484; x_wconf 68' lang='lat' dir='ltr'><strong>td.</strong></span> <span class='ocrx_word' id='word_1_282' title='bbox 653 5428 759 5483; x_wconf 69' lang='lat' dir='ltr'><strong>Fraus.</strong></span> <span class='ocrx_word' id='word_1_283' title='bbox 777 5427 816 5496; x_wconf 84' lang='lat' dir='ltr'><strong>(c.</strong></span> <span class='ocrx_word' id='word_1_284' title='bbox 829 5429 875 5484; x_wconf 63' lang='lat' dir='ltr'><strong>ss.</strong></span> <span class='ocrx_word' id='word_1_285' title='bbox 890 5429 978 5482; x_wconf 72' lang='lat' dir='ltr'><strong>state</strong></span> <span class='ocrx_word' id='word_1_286' title='bbox 995 5439 1050 5480; x_wconf 72' lang='lat' dir='ltr'><strong>n·</strong></span> 
     </span>
    </p>
   </div>
   <div class='ocr_carea' id='block_1_12' title="bbox 516 234 1642 353">
    <p class='ocr_par' dir='ltr' id='par_1_14' title="bbox 516 234 1642 353">
     <span class='ocr_line' id='line_1_48' title="bbox 516 234 1642 353; baseline 0.004 -4"><span class='ocrx_word' id='word_1_287' title='bbox 516 276 606 351; x_wconf 85' lang='lat' dir='ltr'><strong>xor.</strong></span> <span class='ocrx_word' id='word_1_288' title='bbox 656 234 942 352; x_wconf 77' lang='lat' dir='ltr'><strong>mmmm</strong></span> <span class='ocrx_word' id='word_1_289' title='bbox 974 275 1447 353; x_wconf 80' lang='lat' dir='ltr'><strong>unrauonrrrosnon</strong></span> <span class='ocrx_word' id='word_1_290' title='bbox 1481 277 1642 353; x_wconf 84' lang='lat' dir='ltr'><strong>ouon.</strong></span> 
     </span>
    </p>
   </div>
   <div class='ocr_carea' id='block_1_13' title="bbox 2014 285 2100 376">
    <p class='ocr_par' dir='ltr' id='par_1_15' title="bbox 2014 285 2100 376">
     <span class='ocr_line' id='line_1_49' title="bbox 2014 285 2100 376; baseline 0.058 -16"><span class='ocrx_word' id='word_1_291' title='bbox 2014 285 2100 376; x_wconf 75' lang='lat' dir='ltr'><strong>ato.</strong></span> 
     </span>
    </p>
   </div>
   <div class='ocr_carea' id='block_1_14' title="bbox 1099 450 2193 1670">
    <p class='ocr_par' dir='ltr' id='par_1_16' title="bbox 1099 450 2193 1670">
     <span class='ocr_line' id='line_1_50' title="bbox 1100 450 2090 547; baseline 0.012 -28"><span class='ocrx_word' id='word_1_292' title='bbox 1100 450 1156 520; x_wconf 90' lang='lat' dir='ltr'><strong>cui</strong></span> <span class='ocrx_word' id='word_1_293' title='bbox 1184 450 1393 520; x_wconf 89' lang='lat' dir='ltr'><strong>attribuitur</strong></span> <span class='ocrx_word' id='word_1_294' title='bbox 1420 477 1559 523; x_wconf 90' lang='lat' dir='ltr'><strong>summa</strong></span> <span class='ocrx_word' id='word_1_295' title='bbox 1585 464 1742 545; x_wconf 88' lang='lat' dir='ltr'><strong>potestas</strong></span> <span class='ocrx_word' id='word_1_296' title='bbox 1766 455 1929 526; x_wconf 91' lang='lat' dir='ltr'><strong>omnium</strong></span> <span class='ocrx_word' id='word_1_297' title='bbox 1954 480 2090 547; x_wconf 87' lang='lat' dir='ltr'><strong>rerum,</strong></span> 
     </span>
     <span class='ocr_line' id='line_1_51' title="bbox 1100 548 2092 679; baseline 0.013 -58"><span class='ocrx_word' id='word_1_298' title='bbox 1100 548 1246 623; x_wconf 91' lang='lat' dir='ltr'><strong>adhibet</strong></span> <span class='ocrx_word' id='word_1_299' title='bbox 1258 577 1407 643; x_wconf 87' lang='lat' dir='ltr'><strong>superos</strong></span> <span class='ocrx_word' id='word_1_300' title='bbox 1423 554 1461 623; x_wconf 94' lang='lat' dir='ltr'><strong>in</strong></span> <span class='ocrx_word' id='word_1_301' title='bbox 1477 556 1685 639; x_wconf 87' lang='lat' dir='ltr'><strong>consilium,</strong></span> <span class='ocrx_word' id='word_1_302' title='bbox 1711 558 1852 649; x_wconf 90' lang='lat' dir='ltr'><strong>quoties</strong></span> <span class='ocrx_word' id='word_1_303' title='bbox 1875 558 1908 628; x_wconf 88' lang='lat' dir='ltr'><strong>ei</strong></span> <span class='ocrx_word' id='word_1_304' title='bbox 1931 573 2092 679; x_wconf 45' lang='lat' dir='ltr'><strong>*tuen-</strong></span> 
     </span>
     <span class='ocr_line' id='line_1_52' title="bbox 1099 656 2091 753; baseline 0.013 -30"><span class='ocrx_word' id='word_1_305' title='bbox 1099 658 1184 725; x_wconf 89' lang='lat' dir='ltr'><strong>dum</strong></span> <span class='ocrx_word' id='word_1_306' title='bbox 1209 669 1261 725; x_wconf 90' lang='lat' dir='ltr'><strong>est</strong></span> <span class='ocrx_word' id='word_1_307' title='bbox 1285 656 1423 748; x_wconf 88' lang='lat' dir='ltr'><strong>aliquid</strong></span> <span class='ocrx_word' id='word_1_308' title='bbox 1445 658 1604 747; x_wconf 86' lang='lat' dir='ltr'><strong>gravius:</strong></span> <span class='ocrx_word' id='word_1_309' title='bbox 1627 672 1784 753; x_wconf 85' lang='lat' dir='ltr'><strong>quanto</strong></span> <span class='ocrx_word' id='word_1_310' title='bbox 1815 661 1929 751; x_wconf 86' lang='lat' dir='ltr'><strong>magis</strong></span> <span class='ocrx_word' id='word_1_311' title='bbox 1951 666 1989 732; x_wconf 87' lang='lat' dir='ltr'><strong>rd</strong></span> <span class='ocrx_word' id='word_1_312' title='bbox 2011 663 2091 736; x_wconf 82' lang='lat' dir='ltr'><strong>lieri</strong></span> 
     </span>
     <span class='ocr_line' id='line_1_53' title="bbox 1100 753 2091 856; baseline 0.014 -31"><span class='ocrx_word' id='word_1_313' title='bbox 1100 758 1205 828; x_wconf 90' lang='lat' dir='ltr'><strong>debet</strong></span> <span class='ocrx_word' id='word_1_314' title='bbox 1219 759 1264 826; x_wconf 95' lang='lat' dir='ltr'><strong>ab</strong></span> <span class='ocrx_word' id='word_1_315' title='bbox 1280 753 1506 844; x_wconf 90' lang='lat' dir='ltr'><strong>hominibus,</strong></span> <span class='ocrx_word' id='word_1_316' title='bbox 1532 786 1613 831; x_wconf 85' lang='lat' dir='ltr'><strong>curn</strong></span> <span class='ocrx_word' id='word_1_317' title='bbox 1639 756 1798 832; x_wconf 92' lang='lat' dir='ltr'><strong>humana</strong></span> <span class='ocrx_word' id='word_1_318' title='bbox 1820 765 2016 856; x_wconf 88' lang='lat' dir='ltr'><strong>sapientia,</strong></span> <span class='ocrx_word' id='word_1_319' title='bbox 2044 771 2091 839; x_wconf 91' lang='lat' dir='ltr'><strong>ad</strong></span> 
     </span>
     <span class='ocr_line' id='line_1_54' title="bbox 1100 861 2090 958; baseline 0.012 -29"><span class='ocrx_word' id='word_1_320' title='bbox 1100 861 1260 929; x_wconf 87' lang='lat' dir='ltr'><strong>divinam</strong></span> <span class='ocrx_word' id='word_1_321' title='bbox 1286 861 1435 945; x_wconf 89' lang='lat' dir='ltr'><strong>collata,</strong></span> <span class='ocrx_word' id='word_1_322' title='bbox 1468 863 1515 932; x_wconf 89' lang='lat' dir='ltr'><strong>sit</strong></span> <span class='ocrx_word' id='word_1_323' title='bbox 1537 865 1647 935; x_wconf 89' lang='lat' dir='ltr'><strong>nulla.</strong></span> <span class='ocrx_word' id='word_1_324' title='bbox 1706 864 1799 933; x_wconf 85' lang='lat' dir='ltr'><strong>Hinc</strong></span> <span class='ocrx_word' id='word_1_325' title='bbox 1824 889 1909 958; x_wconf 88' lang='lat' dir='ltr'><strong>ergo</strong></span> <span class='ocrx_word' id='word_1_326' title='bbox 1938 869 2090 955; x_wconf 84' lang='lat' dir='ltr'><strong>discant,</strong></span> 
     </span>
     <span class='ocr_line' id='line_1_55' title="bbox 1100 963 2089 1066; baseline 0.014 -35"><span class='ocrx_word' id='word_1_327' title='bbox 1100 963 1304 1056; x_wconf 88' lang='lat' dir='ltr'><strong>quicunque</strong></span> <span class='ocrx_word' id='word_1_328' title='bbox 1321 963 1360 1034; x_wconf 92' lang='lat' dir='ltr'><strong>iu</strong></span> <span class='ocrx_word' id='word_1_329' title='bbox 1383 989 1525 1034; x_wconf 89' lang='lat' dir='ltr'><strong>summo</strong></span> <span class='ocrx_word' id='word_1_330' title='bbox 1548 980 1632 1037; x_wconf 90' lang='lat' dir='ltr'><strong>sunt</strong></span> <span class='ocrx_word' id='word_1_331' title='bbox 1656 968 1886 1058; x_wconf 89' lang='lat' dir='ltr'><strong>magistratu,</strong></span> <span class='ocrx_word' id='word_1_332' title='bbox 1927 995 1972 1041; x_wconf 87' lang='lat' dir='ltr'><strong>ne</strong></span> <span class='ocrx_word' id='word_1_333' title='bbox 2000 975 2089 1066; x_wconf 92' lang='lat' dir='ltr'><strong>quid</strong></span> 
     </span>
     <span class='ocr_line' id='line_1_56' title="bbox 1101 1066 2090 1161; baseline 0.012 -28"><span class='ocrx_word' id='word_1_334' title='bbox 1101 1078 1210 1154; x_wconf 90' lang='lat' dir='ltr'><strong>agant</strong></span> <span class='ocrx_word' id='word_1_335' title='bbox 1225 1067 1300 1134; x_wconf 91' lang='lat' dir='ltr'><strong>sine</strong></span> <span class='ocrx_word' id='word_1_336' title='bbox 1316 1066 1485 1150; x_wconf 82' lang='lat' dir='ltr'><strong>consilio‘,</strong></span> <span class='ocrx_word' id='word_1_337' title='bbox 1511 1071 1573 1137; x_wconf 89' lang='lat' dir='ltr'><strong>sed</strong></span> <span class='ocrx_word' id='word_1_338' title='bbox 1596 1083 1636 1138; x_wconf 90' lang='lat' dir='ltr'><strong>ut</strong></span> <span class='ocrx_word' id='word_1_339' title='bbox 1660 1084 1859 1140; x_wconf 88' lang='lat' dir='ltr'><strong>convocent</strong></span> <span class='ocrx_word' id='word_1_340' title='bbox 1883 1075 2090 1161; x_wconf 83' lang='lat' dir='ltr'><strong>concilium,</strong></span> 
     </span>
     <span class='ocr_line' id='line_1_57' title="bbox 1100 1167 2090 1269; baseline 0.016 -36"><span class='ocrx_word' id='word_1_341' title='bbox 1100 1167 1250 1235; x_wconf 90' lang='lat' dir='ltr'><strong>audiant</strong></span> <span class='ocrx_word' id='word_1_342' title='bbox 1263 1168 1457 1238; x_wconf 89' lang='lat' dir='ltr'><strong>multorum</strong></span> <span class='ocrx_word' id='word_1_343' title='bbox 1474 1173 1686 1256; x_wconf 90' lang='lat' dir='ltr'><strong>sententias,</strong></span> <span class='ocrx_word' id='word_1_344' title='bbox 1719 1173 1849 1263; x_wconf 87' lang='lat' dir='ltr'><strong>placita</strong></span> <span class='ocrx_word' id='word_1_345' title='bbox 1874 1188 2090 1269; x_wconf 86' lang='lat' dir='ltr'><strong>temperent,</strong></span> 
     </span>
     <span class='ocr_line' id='line_1_58' title="bbox 1101 1268 2090 1371; baseline 0.015 -35"><span class='ocrx_word' id='word_1_346' title='bbox 1101 1280 1135 1336; x_wconf 91' lang='lat' dir='ltr'><strong>et</strong></span> <span class='ocrx_word' id='word_1_347' title='bbox 1152 1268 1327 1358; x_wconf 86' lang='lat' dir='ltr'><strong>cogitent,</strong></span> <span class='ocrx_word' id='word_1_348' title='bbox 1352 1271 1414 1341; x_wconf 94' lang='lat' dir='ltr'><strong>ubi</strong></span> <span class='ocrx_word' id='word_1_349' title='bbox 1430 1274 1551 1364; x_wconf 86' lang='lat' dir='ltr'><strong>magni</strong></span> <span class='ocrx_word' id='word_1_350' title='bbox 1567 1275 1742 1343; x_wconf 88' lang='lat' dir='ltr'><strong>momenti</strong></span> <span class='ocrx_word' id='word_1_351' title='bbox 1756 1277 1942 1368; x_wconf 88' lang='lat' dir='ltr'><strong>negotium</strong></span> <span class='ocrx_word' id='word_1_352' title='bbox 1958 1281 2090 1371; x_wconf 86' lang='lat' dir='ltr'><strong>agitur,</strong></span> 
     </span>
     <span class='ocr_line' id='line_1_59' title="bbox 1101 1368 2193 1466; baseline 0.016 -28"><span class='ocrx_word' id='word_1_353' title='bbox 1101 1394 1145 1439; x_wconf 91' lang='lat' dir='ltr'><strong>ne</strong></span> <span class='ocrx_word' id='word_1_354' title='bbox 1161 1368 1239 1439; x_wconf 91' lang='lat' dir='ltr'><strong>lovi</strong></span> <span class='ocrx_word' id='word_1_355' title='bbox 1257 1376 1401 1466; x_wconf 92' lang='lat' dir='ltr'><strong>quidem</strong></span> <span class='ocrx_word' id='word_1_356' title='bbox 1426 1400 1529 1445; x_wconf 91' lang='lat' dir='ltr'><strong>suum</strong></span> <span class='ocrx_word' id='word_1_357' title='bbox 1554 1377 1640 1448; x_wconf 89' lang='lat' dir='ltr'><strong>satis</strong></span> <span class='ocrx_word' id='word_1_358' title='bbox 1662 1402 1736 1448; x_wconf 89' lang='lat' dir='ltr'><strong>esse</strong></span> <span class='ocrx_word' id='word_1_359' title='bbox 1757 1381 1958 1452; x_wconf 88' lang='lat' dir='ltr'><strong>consilium.</strong></span> <span class='ocrx_word' id='word_1_360' title='bbox 2018 1383 2093 1453; x_wconf 87' lang='lat' dir='ltr'><strong>De-</strong></span> <span class='ocrx_word' id='word_1_361' title='bbox 2188 1424 2193 1439; x_wconf 84' lang='lat'><em>,</em></span> 
     </span>
     <span class='ocr_line' id='line_1_60' title="bbox 1101 1473 2091 1578; baseline 0.015 -36"><span class='ocrx_word' id='word_1_362' title='bbox 1101 1473 1268 1544; x_wconf 89' lang='lat' dir='ltr'><strong>scribitur</strong></span> <span class='ocrx_word' id='word_1_363' title='bbox 1285 1488 1402 1544; x_wconf 90' lang='lat' dir='ltr'><strong>autem</strong></span> <span class='ocrx_word' id='word_1_364' title='bbox 1421 1480 1559 1569; x_wconf 89' lang='lat' dir='ltr'><strong>egregie</strong></span> <span class='ocrx_word' id='word_1_365' title='bbox 1576 1481 1731 1550; x_wconf 89' lang='lat' dir='ltr'><strong>officium</strong></span> <span class='ocrx_word' id='word_1_366' title='bbox 1749 1482 1836 1551; x_wconf 90' lang='lat' dir='ltr'><strong>boni</strong></span> <span class='ocrx_word' id='word_1_367' title='bbox 1858 1486 2030 1578; x_wconf 88' lang='lat' dir='ltr'><strong>principis</strong></span> <span class='ocrx_word' id='word_1_368' title='bbox 2055 1500 2091 1557; x_wconf 89' lang='lat' dir='ltr'><strong>et</strong></span> 
     </span>
     <span class='ocr_line' id='line_1_61' title="bbox 1101 1577 2091 1670; baseline 0.017 -27"><span class='ocrx_word' id='word_1_369' title='bbox 1101 1577 1195 1644; x_wconf 91' lang='lat' dir='ltr'><strong>ratio</strong></span> <span class='ocrx_word' id='word_1_370' title='bbox 1209 1577 1474 1667; x_wconf 90' lang='lat' dir='ltr'><strong>puniendorum</strong></span> <span class='ocrx_word' id='word_1_371' title='bbox 1492 1583 1702 1652; x_wconf 90' lang='lat' dir='ltr'><strong>delictorum</strong></span> <span class='ocrx_word' id='word_1_372' title='bbox 1727 1580 1797 1653; x_wconf 86' lang='lat' dir='ltr'><strong>hoc</strong></span> <span class='ocrx_word' id='word_1_373' title='bbox 1821 1587 1920 1670; x_wconf 88' lang='lat' dir='ltr'><strong>loco,</strong></span> <span class='ocrx_word' id='word_1_374' title='bbox 1953 1590 2015 1658; x_wconf 91' lang='lat' dir='ltr'><strong>ubi</strong></span> <span class='ocrx_word' id='word_1_375' title='bbox 2033 1587 2091 1660; x_wconf 92' lang='lat' dir='ltr'><strong>lu·</strong></span> 
     </span>
    </p>
   </div>
   <div class='ocr_carea' id='block_1_15' title="bbox 1101 1678 2091 1876">
    <p class='ocr_par' dir='ltr' id='par_1_17' title="bbox 1101 1678 2091 1876">
     <span class='ocr_line' id='line_1_62' title="bbox 1101 1678 2091 1876; baseline 0.019 -131"><span class='ocrx_word' id='word_1_376' title='bbox 1101 1678 1253 1876; x_wconf 48' lang='lat' dir='ltr'><strong>pssqqiu</strong></span> <span class='ocrx_word' id='word_1_377' title='bbox 1283 1681 1571 1751; x_wconf 86' lang='lat' dir='ltr'><strong>coetuDeorum</strong></span> <span class='ocrx_word' id='word_1_378' title='bbox 1601 1684 1651 1754; x_wconf 89' lang='lat' dir='ltr'><strong>sic</strong></span> <span class='ocrx_word' id='word_1_379' title='bbox 1684 1686 1801 1779; x_wconf 86' lang='lat' dir='ltr'><strong>inquit</strong></span> <span class='ocrx_word' id='word_1_380' title='bbox 1832 1688 2091 1777; x_wconf 79' lang='lat' dir='ltr'><strong>(Vss.188-·</strong></span> 
     </span>
    </p>
   </div>
   <div class='ocr_carea' id='block_1_16' title="bbox 1149 1902 2094 2410">
    <p class='ocr_par' dir='ltr' id='par_1_18' title="bbox 1152 1902 2094 2096">
     <span class='ocr_line' id='line_1_63' title="bbox 1152 1902 2094 1996; baseline 0.018 -26"><span class='ocrx_word' id='word_1_381' title='bbox 1152 1904 1363 1972; x_wconf 81' lang='lat' dir='ltr'><strong>Perdeudum</strong></span> <span class='ocrx_word' id='word_1_382' title='bbox 1378 1913 1426 1972; x_wconf 86' lang='lat' dir='ltr'><strong>est</strong></span> <span class='ocrx_word' id='word_1_383' title='bbox 1435 1902 1482 1996; x_wconf 59' lang='grc' dir='ltr'><strong>Ι’0)</strong></span> <span class='ocrx_word' id='word_1_384' title='bbox 1497 1906 1638 1974; x_wconf 75' lang='lat' dir='ltr'><strong>mortale</strong></span> <span class='ocrx_word' id='word_1_385' title='bbox 1646 1930 1766 1995; x_wconf 72' lang='lat' dir='ltr'><strong>genas,</strong></span> <span class='ocrx_word' id='word_1_386' title='bbox 1779 1933 1842 1996; x_wconf 76' lang='lat' dir='ltr'><strong>per</strong></span> <span class='ocrx_word' id='word_1_387' title='bbox 1853 1911 1999 1996; x_wconf 75' lang='lat' dir='ltr'><strong>flumina</strong></span> <span class='ocrx_word' id='word_1_388' title='bbox 2015 1921 2094 1987; x_wconf 78' lang='lat' dir='ltr'><strong>iure</strong></span> 
     </span>
     <span class='ocr_line' id='line_1_64' title="bbox 1152 2003 1908 2096; baseline 0.015 -24"><span class='ocrx_word' id='word_1_389' title='bbox 1152 2003 1290 2093; x_wconf 76' lang='lat' dir='ltr'><strong>lasere,</strong></span> <span class='ocrx_word' id='word_1_390' title='bbox 1315 2007 1375 2074; x_wconf 83' lang='lat' dir='ltr'><strong>sub</strong></span> <span class='ocrx_word' id='word_1_391' title='bbox 1390 2016 1503 2075; x_wconf 79' lang='lat' dir='ltr'><strong>terrm</strong></span> <span class='ocrx_word' id='word_1_392' title='bbox 1519 2009 1639 2096; x_wconf 71' lang='lat' dir='ltr'><strong>Stygio</strong></span> <span class='ocrx_word' id='word_1_393' title='bbox 1653 2011 1802 2081; x_wconf 81' lang='lat' dir='ltr'><strong>ludentia</strong></span> <span class='ocrx_word' id='word_1_394' title='bbox 1817 2013 1908 2096; x_wconf 76' lang='lat' dir='ltr'><strong>tosa,</strong></span> 
     </span>
    </p>

    <p class='ocr_par' dir='ltr' id='par_1_19' title="bbox 1149 2109 2089 2410">
     <span class='ocr_line' id='line_1_65' title="bbox 1149 2109 2089 2202; baseline 0.009 -25"><span class='ocrx_word' id='word_1_395' title='bbox 1149 2111 1281 2201; x_wconf 43' lang='lat' dir='ltr'><strong>‚dorseta</strong></span> <span class='ocrx_word' id='word_1_396' title='bbox 1320 2111 1419 2194; x_wconf 70' lang='lat' dir='ltr'><strong>psius</strong></span> <span class='ocrx_word' id='word_1_397' title='bbox 1457 2113 1618 2179; x_wconf 79' lang='lat' dir='ltr'><strong>teutuado</strong></span> <span class='ocrx_word' id='word_1_398' title='bbox 1631 2109 1677 2202; x_wconf 77' lang='lat'><strong>²¹)</strong></span> <span class='ocrx_word' id='word_1_399' title='bbox 1685 2142 1697 2193; x_wconf 82' lang='lat'><em>3</em></span> <span class='ocrx_word' id='word_1_400' title='bbox 1749 2117 1807 2182; x_wconf 86' lang='lat' dir='ltr'><strong>sed</strong></span> <span class='ocrx_word' id='word_1_401' title='bbox 1846 2117 2089 2187; x_wconf 73' lang='lat' dir='ltr'><strong>immedicabile</strong></span> 
     </span>
     <span class='ocr_line' id='line_1_66' title="bbox 1154 2217 2088 2410; baseline 0.01 -30"><span class='ocrx_word' id='word_1_402' title='bbox 1154 2315 1244 2380; x_wconf 79' lang='lat' dir='ltr'><strong>Ense</strong></span> <span class='ocrx_word' id='word_1_403' title='bbox 1257 2314 1471 2380; x_wconf 79' lang='lat' dir='ltr'><strong>recidendum</strong></span> <span class='ocrx_word' id='word_1_404' title='bbox 1485 2323 1535 2382; x_wconf 89' lang='lat' dir='ltr'><strong>est</strong></span> <span class='ocrx_word' id='word_1_405' title='bbox 1541 2310 1588 2410; x_wconf 74' lang='lat'><strong>²⁰)</strong></span> <span class='ocrx_word' id='word_1_406' title='bbox 1590 2363 1602 2394; x_wconf 89' lang='lat'>‚</span> <span class='ocrx_word' id='word_1_407' title='bbox 1620 2337 1660 2381; x_wconf 83' lang='lat' dir='ltr'><strong>ne</strong></span> <span class='ocrx_word' id='word_1_408' title='bbox 1672 2217 1905 2403; x_wconf 57' lang='lat' dir='ltr'><strong>puiilfihbero</strong></span> <span class='ocrx_word' id='word_1_409' title='bbox 1918 2324 2088 2392; x_wconf 72' lang='lat' dir='ltr'><strong>imitatur.</strong></span> 
     </span>
    </p>
   </div>
   <div class='ocr_carea' id='block_1_17' title="bbox 1101 2426 2178 4265">
    <p class='ocr_par' dir='ltr' id='par_1_20' title="bbox 1101 2426 2178 4265">
     <span class='ocr_line' id='line_1_67' title="bbox 1101 2426 2092 2520; baseline 0.012 -27"><span class='ocrx_word' id='word_1_410' title='bbox 1101 2426 1168 2494; x_wconf 80' lang='lat' dir='ltr'><strong>ilie</strong></span> <span class='ocrx_word' id='word_1_411' title='bbox 1186 2427 1281 2493; x_wconf 88' lang='lat' dir='ltr'><strong>enirn</strong></span> <span class='ocrx_word' id='word_1_412' title='bbox 1300 2428 1481 2519; x_wconf 90' lang='lat' dir='ltr'><strong>principes</strong></span> <span class='ocrx_word' id='word_1_413' title='bbox 1492 2453 1534 2498; x_wconf 88' lang='lat' dir='ltr'><strong>ac</strong></span> <span class='ocrx_word' id='word_1_414' title='bbox 1548 2431 1777 2520; x_wconf 88' lang='lat' dir='ltr'><strong>magistratus</strong></span> <span class='ocrx_word' id='word_1_415' title='bbox 1795 2429 1989 2518; x_wconf 81' lang='lat' dir='ltr'><strong>docentur,</strong></span> <span class='ocrx_word' id='word_1_416' title='bbox 2016 2461 2092 2505; x_wconf 88' lang='lat' dir='ltr'><strong>uon</strong></span> 
     </span>
     <span class='ocr_line' id='line_1_68' title="bbox 1103 2528 2092 2631; baseline 0.01 -34"><span class='ocrx_word' id='word_1_417' title='bbox 1103 2528 1206 2597; x_wconf 89' lang='lat' dir='ltr'><strong>aliter</strong></span> <span class='ocrx_word' id='word_1_418' title='bbox 1222 2529 1399 2617; x_wconf 89' lang='lat' dir='ltr'><strong>agendum</strong></span> <span class='ocrx_word' id='word_1_419' title='bbox 1416 2554 1495 2600; x_wconf 89' lang='lat' dir='ltr'><strong>cum</strong></span> <span class='ocrx_word' id='word_1_420' title='bbox 1513 2531 1667 2616; x_wconf 89' lang='lat' dir='ltr'><strong>civibus,</strong></span> <span class='ocrx_word' id='word_1_421' title='bbox 1694 2536 1757 2627; x_wconf 92' lang='lat' dir='ltr'><strong>qui</strong></span> <span class='ocrx_word' id='word_1_422' title='bbox 1778 2537 2013 2631; x_wconf 89' lang='lat' dir='ltr'><strong>delinquunt,</strong></span> <span class='ocrx_word' id='word_1_423' title='bbox 2039 2551 2092 2607; x_wconf 91' lang='lat' dir='ltr'><strong>at-</strong></span> 
     </span>
     <span class='ocr_line' id='line_1_69' title="bbox 1102 2632 2089 2732; baseline 0.007 -32"><span class='ocrx_word' id='word_1_424' title='bbox 1102 2654 1171 2725; x_wconf 89' lang='lat' dir='ltr'><strong>que</strong></span> <span class='ocrx_word' id='word_1_425' title='bbox 1193 2654 1274 2699; x_wconf 91' lang='lat' dir='ltr'><strong>cum</strong></span> <span class='ocrx_word' id='word_1_426' title='bbox 1288 2632 1460 2703; x_wconf 88' lang='lat' dir='ltr'><strong>membris</strong></span> <span class='ocrx_word' id='word_1_427' title='bbox 1473 2634 1742 2724; x_wconf 89' lang='lat' dir='ltr'><strong>languentibus:</strong></span> <span class='ocrx_word' id='word_1_428' title='bbox 1782 2662 1923 2730; x_wconf 89' lang='lat' dir='ltr'><strong>semper</strong></span> <span class='ocrx_word' id='word_1_429' title='bbox 1941 2639 2089 2732; x_wconf 91' lang='lat' dir='ltr'><strong>quidem</strong></span> 
     </span>
     <span class='ocr_line' id='line_1_70' title="bbox 1103 2735 2092 2821; baseline 0.008 -20"><span class='ocrx_word' id='word_1_430' title='bbox 1103 2735 1372 2804; x_wconf 75' lang='lat' dir='ltr'><strong>anteferendam</strong></span> <span class='ocrx_word' id='word_1_431' title='bbox 1385 2735 1569 2806; x_wconf 89' lang='lat' dir='ltr'><strong>lenitatem</strong></span> <span class='ocrx_word' id='word_1_432' title='bbox 1584 2739 1785 2821; x_wconf 89' lang='lat' dir='ltr'><strong>severitati;</strong></span> <span class='ocrx_word' id='word_1_433' title='bbox 1814 2744 1877 2811; x_wconf 92' lang='lat' dir='ltr'><strong>sed</strong></span> <span class='ocrx_word' id='word_1_434' title='bbox 1900 2753 1941 2812; x_wconf 92' lang='lat' dir='ltr'><strong>ut</strong></span> <span class='ocrx_word' id='word_1_435' title='bbox 1964 2741 2003 2810; x_wconf 89' lang='lat' dir='ltr'><strong>in</strong></span> <span class='ocrx_word' id='word_1_436' title='bbox 2024 2741 2092 2809; x_wconf 85' lang='lat' dir='ltr'><strong>dif-</strong></span> 
     </span>
     <span class='ocr_line' id='line_1_71' title="bbox 1102 2837 2090 2934; baseline 0.009 -29"><span class='ocrx_word' id='word_1_437' title='bbox 1102 2837 1253 2907; x_wconf 88' lang='lat' dir='ltr'><strong>ficilibus</strong></span> <span class='ocrx_word' id='word_1_438' title='bbox 1268 2837 1404 2908; x_wconf 91' lang='lat' dir='ltr'><strong>morbis</strong></span> <span class='ocrx_word' id='word_1_439' title='bbox 1422 2840 1606 2924; x_wconf 89' lang='lat' dir='ltr'><strong>curandis,</strong></span> <span class='ocrx_word' id='word_1_440' title='bbox 1640 2841 1692 2910; x_wconf 89' lang='lat' dir='ltr'><strong>sic</strong></span> <span class='ocrx_word' id='word_1_441' title='bbox 1709 2842 1747 2910; x_wconf 91' lang='lat' dir='ltr'><strong>in</strong></span> <span class='ocrx_word' id='word_1_442' title='bbox 1766 2844 1936 2934; x_wconf 85' lang='lat' dir='ltr'><strong>gravibus</strong></span> <span class='ocrx_word' id='word_1_443' title='bbox 1953 2842 2090 2914; x_wconf 90' lang='lat' dir='ltr'><strong>delictis</strong></span> 
     </span>
     <span class='ocr_line' id='line_1_72' title="bbox 1102 2940 2091 3031; baseline 0.01 -23"><span class='ocrx_word' id='word_1_444' title='bbox 1102 2940 1294 3031; x_wconf 89' lang='lat' dir='ltr'><strong>puniendis</strong></span> <span class='ocrx_word' id='word_1_445' title='bbox 1310 2941 1492 3012; x_wconf 90' lang='lat' dir='ltr'><strong>interdum</strong></span> <span class='ocrx_word' id='word_1_446' title='bbox 1506 2944 1705 3015; x_wconf 87' lang='lat' dir='ltr'><strong>acrioribus</strong></span> <span class='ocrx_word' id='word_1_447' title='bbox 1721 2948 1894 3016; x_wconf 90' lang='lat' dir='ltr'><strong>utendum</strong></span> <span class='ocrx_word' id='word_1_448' title='bbox 1911 2946 2091 3018; x_wconf 88' lang='lat' dir='ltr'><strong>remediis.</strong></span> 
     </span>
     <span class='ocr_line' id='line_1_73' title="bbox 1104 3043 2093 3140; baseline 0.005 -29"><span class='ocrx_word' id='word_1_449' title='bbox 1104 3043 1212 3135; x_wconf 85' lang='lat' dir='ltr'><strong>Quod</strong></span> <span class='ocrx_word' id='word_1_450' title='bbox 1243 3056 1284 3113; x_wconf 90' lang='lat' dir='ltr'><strong>nt</strong></span> <span class='ocrx_word' id='word_1_451' title='bbox 1312 3043 1595 3136; x_wconf 88' lang='lat' dir='ltr'><strong>sapientissimus</strong></span> <span class='ocrx_word' id='word_1_452' title='bbox 1626 3059 1736 3137; x_wconf 88' lang='lat' dir='ltr'><strong>poeta·</strong></span> <span class='ocrx_word' id='word_1_453' title='bbox 1757 3049 1949 3138; x_wconf 87' lang='lat' dir='ltr'><strong>significet,</strong></span> <span class='ocrx_word' id='word_1_454' title='bbox 1991 3049 2093 3140; x_wconf 89' lang='lat' dir='ltr'><strong>fingit</strong></span> 
     </span>
     <span class='ocr_line' id='line_1_74' title="bbox 1103 3142 2112 3245; baseline 0.005 -31"><span class='ocrx_word' id='word_1_455' title='bbox 1103 3146 1222 3237; x_wconf 90' lang='lat' dir='ltr'><strong>ipsum</strong></span> <span class='ocrx_word' id='word_1_456' title='bbox 1247 3142 1368 3215; x_wconf 85' lang='lat' dir='ltr'><strong>lovem</strong></span> <span class='ocrx_word' id='word_1_457' title='bbox 1399 3148 1578 3216; x_wconf 84' lang='lat' dir='ltr'><strong>affirmare</strong></span> <span class='ocrx_word' id='word_1_458' title='bbox 1607 3149 1843 3221; x_wconf 89' lang='lat' dir='ltr'><strong>iureiurando</strong></span> <span class='ocrx_word' id='word_1_459' title='bbox 1873 3177 1911 3223; x_wconf 92' lang='lat' dir='ltr'><strong>se</strong></span> <span class='ocrx_word' id='word_1_460' title='bbox 1937 3151 2112 3245; x_wconf 21' lang='lat' dir='ltr'><strong>invitum,</strong></span> 
     </span>
     <span class='ocr_line' id='line_1_75' title="bbox 1102 3249 2093 3347; baseline 0.007 -32"><span class='ocrx_word' id='word_1_461' title='bbox 1102 3249 1272 3343; x_wconf 90' lang='lat' dir='ltr'><strong>persequi</strong></span> <span class='ocrx_word' id='word_1_462' title='bbox 1305 3251 1692 3340; x_wconf 75' lang='lat' dir='ltr'><strong>poenasatrociores,</strong></span> <span class='ocrx_word' id='word_1_463' title='bbox 1738 3257 1963 3347; x_wconf 91' lang='lat' dir='ltr'><strong>eundemque</strong></span> <span class='ocrx_word' id='word_1_464' title='bbox 1997 3254 2093 3322; x_wconf 87' lang='lat' dir='ltr'><strong>ferre</strong></span> 
     </span>
     <span class='ocr_line' id='line_1_76' title="bbox 1103 3346 2096 3447; baseline 0.005 -26"><span class='ocrx_word' id='word_1_465' title='bbox 1103 3346 1197 3421; x_wconf 87' lang='lat' dir='ltr'><strong>hanc</strong></span> <span class='ocrx_word' id='word_1_466' title='bbox 1221 3351 1434 3422; x_wconf 89' lang='lat' dir='ltr'><strong>sententiam</strong></span> <span class='ocrx_word' id='word_1_467' title='bbox 1464 3352 1502 3420; x_wconf 91' lang='lat' dir='ltr'><strong>in</strong></span> <span class='ocrx_word' id='word_1_468' title='bbox 1526 3348 1691 3425; x_wconf 89' lang='lat' dir='ltr'><strong>homines</strong></span> <span class='ocrx_word' id='word_1_469' title='bbox 1714 3357 1894 3447; x_wconf 90' lang='lat' dir='ltr'><strong>perditos,</strong></span> <span class='ocrx_word' id='word_1_470' title='bbox 1928 3355 2096 3426; x_wconf 89' lang='lat' dir='ltr'><strong>videlicet</strong></span> 
     </span>
     <span class='ocr_line' id='line_1_77' title="bbox 1104 3454 2178 3550; baseline 0.006 -28"><span class='ocrx_word' id='word_1_471' title='bbox 1104 3467 1245 3546; x_wconf 91' lang='lat' dir='ltr'><strong>partem</strong></span> <span class='ocrx_word' id='word_1_472' title='bbox 1273 3454 1455 3545; x_wconf 91' lang='lat' dir='ltr'><strong>corporis,</strong></span> <span class='ocrx_word' id='word_1_473' title='bbox 1490 3480 1582 3550; x_wconf 90' lang='lat' dir='ltr'><strong>quae</strong></span> <span class='ocrx_word' id='word_1_474' title='bbox 1604 3458 1803 3528; x_wconf 90' lang='lat' dir='ltr'><strong>remedium</strong></span> <span class='ocrx_word' id='word_1_475' title='bbox 1826 3483 1904 3528; x_wconf 90' lang='lat' dir='ltr'><strong>non</strong></span> <span class='ocrx_word' id='word_1_476' title='bbox 1926 3459 2096 3544; x_wconf 90' lang='lat' dir='ltr'><strong>admittit,</strong></span> <span class='ocrx_word' id='word_1_477' title='bbox 2172 3454 2178 3465; x_wconf 59' lang='grc'><strong><em>”</em></strong></span> 
     </span>
     <span class='ocr_line' id='line_1_78' title="bbox 1105 3556 2096 3632; baseline 0.005 -6"><span class='ocrx_word' id='word_1_478' title='bbox 1105 3581 1179 3626; x_wconf 86' lang='lat' dir='ltr'><strong>esse</strong></span> <span class='ocrx_word' id='word_1_479' title='bbox 1195 3556 1435 3627; x_wconf 92' lang='lat' dir='ltr'><strong>recidendam.</strong></span> <span class='ocrx_word' id='word_1_480' title='bbox 1486 3558 1563 3628; x_wconf 86' lang='lat' dir='ltr'><strong>Hac</strong></span> <span class='ocrx_word' id='word_1_481' title='bbox 1585 3559 1693 3629; x_wconf 91' lang='lat' dir='ltr'><strong>etiam</strong></span> <span class='ocrx_word' id='word_1_482' title='bbox 1719 3563 1763 3630; x_wconf 92' lang='lat' dir='ltr'><strong>de</strong></span> <span class='ocrx_word' id='word_1_483' title='bbox 1786 3585 1892 3632; x_wconf 86' lang='lat' dir='ltr'><strong>causa</strong></span> <span class='ocrx_word' id='word_1_484' title='bbox 1916 3562 2003 3630; x_wconf 92' lang='lat' dir='ltr'><strong>olim</strong></span> <span class='ocrx_word' id='word_1_485' title='bbox 2020 3561 2096 3631; x_wconf 83' lang='lat' dir='ltr'><strong>tto·</strong></span> 
     </span>
     <span class='ocr_line' id='line_1_79' title="bbox 1105 3659 2094 3751; baseline 0.001 -23"><span class='ocrx_word' id='word_1_486' title='bbox 1105 3661 1222 3731; x_wconf 90' lang='lat' dir='ltr'><strong>manis</strong></span> <span class='ocrx_word' id='word_1_487' title='bbox 1262 3660 1466 3730; x_wconf 88' lang='lat' dir='ltr'><strong>consulibus</strong></span> <span class='ocrx_word' id='word_1_488' title='bbox 1506 3663 1801 3751; x_wconf 89' lang='lat' dir='ltr'><strong>praeferebantur</strong></span> <span class='ocrx_word' id='word_1_489' title='bbox 1836 3664 1975 3744; x_wconf 87' lang='lat' dir='ltr'><strong>fasces,</strong></span> <span class='ocrx_word' id='word_1_490' title='bbox 2024 3659 2094 3730; x_wconf 90' lang='lat' dir='ltr'><strong>hoc</strong></span> 
     </span>
     <span class='ocr_line' id='line_1_80' title="bbox 1107 3763 2094 3858; baseline -0.001 -26"><span class='ocrx_word' id='word_1_491' title='bbox 1107 3776 1178 3845; x_wconf 90' lang='lat' dir='ltr'><strong>est,</strong></span> <span class='ocrx_word' id='word_1_492' title='bbox 1226 3763 1348 3853; x_wconf 85' lang='lat' dir='ltr'><strong>virgae</strong></span> <span class='ocrx_word' id='word_1_493' title='bbox 1382 3764 1564 3834; x_wconf 90' lang='lat' dir='ltr'><strong>securibus</strong></span> <span class='ocrx_word' id='word_1_494' title='bbox 1598 3765 1781 3855; x_wconf 89' lang='lat' dir='ltr'><strong>alligatae:</strong></span> <span class='ocrx_word' id='word_1_495' title='bbox 1835 3764 1964 3858; x_wconf 90' lang='lat' dir='ltr'><strong>quibus</strong></span> <span class='ocrx_word' id='word_1_496' title='bbox 1997 3763 2094 3832; x_wconf 91' lang='lat' dir='ltr'><strong>idem</strong></span> 
     </span>
     <span class='ocr_line' id='line_1_81' title="bbox 1106 3863 2095 3959; baseline -0.002 -24"><span class='ocrx_word' id='word_1_497' title='bbox 1106 3863 1391 3955; x_wconf 88' lang='lat' dir='ltr'><strong>significabatur,</strong></span> <span class='ocrx_word' id='word_1_498' title='bbox 1436 3890 1567 3958; x_wconf 89' lang='lat' dir='ltr'><strong>nempe</strong></span> <span class='ocrx_word' id='word_1_499' title='bbox 1601 3867 1849 3959; x_wconf 87' lang='lat' dir='ltr'><strong>corrigendam</strong></span> <span class='ocrx_word' id='word_1_500' title='bbox 1883 3890 1956 3936; x_wconf 91' lang='lat' dir='ltr'><strong>esse</strong></span> <span class='ocrx_word' id='word_1_501' title='bbox 1991 3864 2095 3935; x_wconf 91' lang='lat' dir='ltr'><strong>mali·</strong></span> 
     </span>
     <span class='ocr_line' id='line_1_82' title="bbox 1107 3966 2096 4066; baseline -0.001 -30"><span class='ocrx_word' id='word_1_502' title='bbox 1107 3968 1215 4049; x_wconf 90' lang='lat' dir='ltr'><strong>tiam,</strong></span> <span class='ocrx_word' id='word_1_503' title='bbox 1253 3992 1345 4062; x_wconf 90' lang='lat' dir='ltr'><strong>qnae</strong></span> <span class='ocrx_word' id='word_1_504' title='bbox 1367 3970 1487 4037; x_wconf 89' lang='lat' dir='ltr'><strong>sanari</strong></span> <span class='ocrx_word' id='word_1_505' title='bbox 1510 3970 1641 4057; x_wconf 62' lang='lat' dir='ltr'><strong>possim</strong></span> <span class='ocrx_word' id='word_1_506' title='bbox 1684 3994 1776 4066; x_wconf 89' lang='lat' dir='ltr'><strong>quae</strong></span> <span class='ocrx_word' id='word_1_507' title='bbox 1799 3993 1887 4039; x_wconf 83' lang='lat' dir='ltr'><strong>vero</strong></span> <span class='ocrx_word' id='word_1_508' title='bbox 1910 3966 2096 4038; x_wconf 88' lang='lat' dir='ltr'><strong>emendari</strong></span> 
     </span>
     <span class='ocr_line' id='line_1_83' title="bbox 1106 4071 2126 4165; baseline 0.001 -27"><span class='ocrx_word' id='word_1_509' title='bbox 1106 4083 1281 4165; x_wconf 90' lang='lat' dir='ltr'><strong>nequeat,</strong></span> <span class='ocrx_word' id='word_1_510' title='bbox 1308 4071 1586 4142; x_wconf 90' lang='lat' dir='ltr'><strong>abscindendam</strong></span> <span class='ocrx_word' id='word_1_511' title='bbox 1612 4097 1698 4145; x_wconf 86' lang='lat' dir='ltr'><strong>esse.</strong></span> <span class='ocrx_word' id='word_1_512' title='bbox 1748 4071 1880 4164; x_wconf 84' lang='lat' dir='ltr'><strong>Virgae</strong></span> <span class='ocrx_word' id='word_1_513' title='bbox 1902 4071 1997 4141; x_wconf 88' lang='lat' dir='ltr'><strong>enim</strong></span> <span class='ocrx_word' id='word_1_514' title='bbox 2017 4094 2096 4140; x_wconf 86' lang='lat' dir='ltr'><strong>cor·</strong></span> <span class='ocrx_word' id='word_1_515' title='bbox 2123 4076 2126 4080; x_wconf 77' lang='grc'><strong>’</strong></span> 
     </span>
     <span class='ocr_line' id='line_1_84' title="bbox 1106 4173 2095 4265; baseline 0.001 -23"><span class='ocrx_word' id='word_1_516' title='bbox 1106 4173 1245 4265; x_wconf 91' lang='lat' dir='ltr'><strong>rigunt;</strong></span> <span class='ocrx_word' id='word_1_517' title='bbox 1271 4195 1410 4243; x_wconf 87' lang='lat' dir='ltr'><strong>secures</strong></span> <span class='ocrx_word' id='word_1_518' title='bbox 1425 4186 1545 4242; x_wconf 91' lang='lat' dir='ltr'><strong>autern</strong></span> <span class='ocrx_word' id='word_1_519' title='bbox 1562 4175 1795 4253; x_wconf 86' lang='lat' dir='ltr'><strong>abscindunt.¹</strong></span> <span class='ocrx_word' id='word_1_520' title='bbox 1839 4173 2095 4246; x_wconf 88' lang='lat' dir='ltr'><strong>Constantinus</strong></span> 
     </span>
    </p>
   </div>
   <div class='ocr_carea' id='block_1_18' title="bbox 1106 4272 2274 4369">
    <p class='ocr_par' dir='ltr' id='par_1_21' title="bbox 1106 4272 2274 4369">
     <span class='ocr_line' id='line_1_85' title="bbox 1106 4272 2274 4369; baseline -0.003 -25"><span class='ocrx_word' id='word_1_521' title='bbox 1106 4272 1308 4367; x_wconf 91' lang='lat' dir='ltr'><strong>lmperator</strong></span> <span class='ocrx_word' id='word_1_522' title='bbox 1339 4299 1420 4343; x_wconf 88' lang='lat' dir='ltr'><strong>cum</strong></span> <span class='ocrx_word' id='word_1_523' title='bbox 1452 4275 1647 4369; x_wconf 90' lang='lat' dir='ltr'><strong>aliquando</strong></span> <span class='ocrx_word' id='word_1_524' title='bbox 1673 4277 1892 4347; x_wconf 91' lang='lat' dir='ltr'><strong>consultaret</strong></span> <span class='ocrx_word' id='word_1_525' title='bbox 1920 4277 1964 4346; x_wconf 95' lang='lat' dir='ltr'><strong>de</strong></span> <span class='ocrx_word' id='word_1_526' title='bbox 1996 4299 2095 4345; x_wconf 88' lang='lat' dir='ltr'><strong>coer·</strong></span> <span class='ocrx_word' id='word_1_527' title='bbox 2162 4311 2165 4317; x_wconf 92' lang='lat'><em>·</em></span> <span class='ocrx_word' id='word_1_528' title='bbox 2271 4356 2274 4367; x_wconf 28' lang='grc' dir='ltr'>Ι</span> 
     </span>
    </p>
   </div>
   <div class='ocr_carea' id='block_1_19' title="bbox 1106 4377 2112 5068">
    <p class='ocr_par' dir='ltr' id='par_1_22' title="bbox 1106 4377 2112 5068">
     <span class='ocr_line' id='line_1_86' title="bbox 1108 4377 2097 4471; baseline -0.002 -24"><span class='ocrx_word' id='word_1_529' title='bbox 1108 4380 1219 4447; x_wconf 91' lang='lat' dir='ltr'><strong>cenda</strong></span> <span class='ocrx_word' id='word_1_530' title='bbox 1244 4394 1387 4447; x_wconf 77' lang='lat' dir='ltr'><strong>morum</strong></span> <span class='ocrx_word' id='word_1_531' title='bbox 1412 4377 1631 4470; x_wconf 87' lang='lat' dir='ltr'><strong>petulantia,</strong></span> <span class='ocrx_word' id='word_1_532' title='bbox 1663 4380 1778 4450; x_wconf 83' lang='lat' dir='ltr'><strong>fertur</strong></span> <span class='ocrx_word' id='word_1_533' title='bbox 1801 4402 1991 4471; x_wconf 88' lang='lat' dir='ltr'><strong>usurpasse</strong></span> <span class='ocrx_word' id='word_1_534' title='bbox 2008 4377 2097 4449; x_wconf 89' lang='lat' dir='ltr'><strong>Ovi·</strong></span> 
     </span>
     <span class='ocr_line' id='line_1_87' title="bbox 1108 4472 2094 4578; baseline -0.001 -28"><span class='ocrx_word' id='word_1_535' title='bbox 1108 4482 1252 4551; x_wconf 93' lang='lat' dir='ltr'><strong>dianam</strong></span> <span class='ocrx_word' id='word_1_536' title='bbox 1271 4472 1366 4549; x_wconf 87' lang='lat' dir='ltr'><strong>banc</strong></span> <span class='ocrx_word' id='word_1_537' title='bbox 1388 4480 1623 4567; x_wconf 90' lang='lat' dir='ltr'><strong>sententiam,</strong></span> <span class='ocrx_word' id='word_1_538' title='bbox 1656 4496 1764 4578; x_wconf 90' lang='lat' dir='ltr'><strong>atque</strong></span> <span class='ocrx_word' id='word_1_539' title='bbox 1786 4482 1836 4552; x_wconf 90' lang='lat' dir='ltr'><strong>ita</strong></span> <span class='ocrx_word' id='word_1_540' title='bbox 1862 4482 2094 4552; x_wconf 81' lang='lat' dir='ltr'><strong>exclamasse:</strong></span> 
     </span>
     <span class='ocr_line' id='line_1_88' title="bbox 1106 4579 2112 4676; baseline 0 -24"><span class='ocrx_word' id='word_1_541' title='bbox 1106 4579 1370 4653; x_wconf 88' lang='lat' dir='ltr'><strong>immedicabile</strong></span> <span class='ocrx_word' id='word_1_542' title='bbox 1386 4583 1514 4653; x_wconf 88' lang='lat' dir='ltr'><strong>vulnus</strong></span> <span class='ocrx_word' id='word_1_543' title='bbox 1531 4608 1614 4655; x_wconf 88' lang='lat' dir='ltr'><strong>ense</strong></span> <span class='ocrx_word' id='word_1_544' title='bbox 1630 4585 1860 4656; x_wconf 88' lang='lat' dir='ltr'><strong>recidendum</strong></span> <span class='ocrx_word' id='word_1_545' title='bbox 1884 4598 1953 4665; x_wconf 89' lang='lat' dir='ltr'><strong>est;</strong></span> <span class='ocrx_word' id='word_1_546' title='bbox 1987 4581 2112 4676; x_wconf 47' lang='lat' dir='ltr'><strong>signif</strong></span> 
     </span>
     <span class='ocr_line' id='line_1_89' title="bbox 1106 4684 2095 4760; baseline -0.002 -4"><span class='ocrx_word' id='word_1_547' title='bbox 1106 4689 1215 4756; x_wconf 90' lang='lat' dir='ltr'><strong>ficans</strong></span> <span class='ocrx_word' id='word_1_548' title='bbox 1232 4684 1590 4756; x_wconf 87' lang='lat' dir='ltr'><strong>animadvertendum</strong></span> <span class='ocrx_word' id='word_1_549' title='bbox 1605 4713 1680 4759; x_wconf 91' lang='lat' dir='ltr'><strong>esse</strong></span> <span class='ocrx_word' id='word_1_550' title='bbox 1696 4712 1836 4759; x_wconf 89' lang='lat' dir='ltr'><strong>summa</strong></span> <span class='ocrx_word' id='word_1_551' title='bbox 1851 4687 2039 4760; x_wconf 85' lang='lat' dir='ltr'><strong>severitate</strong></span> <span class='ocrx_word' id='word_1_552' title='bbox 2055 4685 2095 4754; x_wconf 93' lang='lat' dir='ltr'><strong>in</strong></span> 
     </span>
     <span class='ocr_line' id='line_1_90' title="bbox 1106 4786 2095 4886; baseline -0.001 -27"><span class='ocrx_word' id='word_1_553' title='bbox 1106 4786 1271 4860; x_wconf 89' lang='lat' dir='ltr'><strong>homines</strong></span> <span class='ocrx_word' id='word_1_554' title='bbox 1287 4789 1490 4881; x_wconf 87' lang='lat' dir='ltr'><strong>improbos,</strong></span> <span class='ocrx_word' id='word_1_555' title='bbox 1516 4790 1578 4883; x_wconf 93' lang='lat' dir='ltr'><strong>qui</strong></span> <span class='ocrx_word' id='word_1_556' title='bbox 1593 4791 1777 4861; x_wconf 89' lang='lat' dir='ltr'><strong>emendari</strong></span> <span class='ocrx_word' id='word_1_557' title='bbox 1793 4803 1988 4886; x_wconf 87' lang='lat' dir='ltr'><strong>nequeunt,</strong></span> <span class='ocrx_word' id='word_1_558' title='bbox 2016 4813 2095 4859; x_wconf 86' lang='lat' dir='ltr'><strong>eos·</strong></span> 
     </span>
     <span class='ocr_line' id='line_1_91' title="bbox 1106 4888 2094 4993; baseline -0.002 -30"><span class='ocrx_word' id='word_1_559' title='bbox 1106 4892 1294 4993; x_wconf 52' lang='lat' dir='ltr'><strong>quegnullo</strong></span> <span class='ocrx_word' id='word_1_560' title='bbox 1319 4895 1428 4960; x_wconf 92' lang='lat' dir='ltr'><strong>modo</strong></span> <span class='ocrx_word' id='word_1_561' title='bbox 1451 4891 1488 4959; x_wconf 93' lang='lat' dir='ltr'><strong>in</strong></span> <span class='ocrx_word' id='word_1_562' title='bbox 1509 4895 1691 4984; x_wconf 89' lang='lat' dir='ltr'><strong>republica</strong></span> <span class='ocrx_word' id='word_1_563' title='bbox 1713 4895 1881 4964; x_wconf 88' lang='lat' dir='ltr'><strong>ferendos</strong></span> <span class='ocrx_word' id='word_1_564' title='bbox 1902 4916 1988 4964; x_wconf 90' lang='lat' dir='ltr'><strong>esse.</strong></span> <span class='ocrx_word' id='word_1_565' title='bbox 2041 4888 2094 4961; x_wconf 84' lang='grc' dir='ltr'><strong>Μ.</strong></span> 
     </span>
     <span class='ocr_line' id='line_1_92' title="bbox 1106 4995 2092 5068; baseline -0.003 -3"><span class='ocrx_word' id='word_1_566' title='bbox 1106 4995 1231 5065; x_wconf 87' lang='lat' dir='ltr'><strong>Cicero</strong></span> <span class='ocrx_word' id='word_1_567' title='bbox 1263 4997 1387 5064; x_wconf 91' lang='lat' dir='ltr'><strong>eadem</strong></span> <span class='ocrx_word' id='word_1_568' title='bbox 1419 4996 1595 5065; x_wconf 87' lang='lat' dir='ltr'><strong>sententia</strong></span> <span class='ocrx_word' id='word_1_569' title='bbox 1623 4998 1738 5068; x_wconf 91' lang='lat' dir='ltr'><strong>utitur</strong></span> <span class='ocrx_word' id='word_1_570' title='bbox 1758 4999 1853 5067; x_wconf 92' lang='lat' dir='ltr'><strong>libro</strong></span> <span class='ocrx_word' id='word_1_571' title='bbox 1878 4995 2092 5065; x_wconf 84' lang='lat' dir='ltr'><strong>Officiorum</strong></span> 
     </span>
    </p>
   </div>
   <div class='ocr_carea' id='block_1_20' title="bbox 1107 5153 1311 5168">
    <p class='ocr_par' dir='ltr' id='par_1_23' title="bbox 1107 5153 1311 5168">
     <span class='ocr_line' id='line_1_93' title="bbox 1107 5153 1311 5168; baseline -0.005 -1"><span class='ocrx_word' id='word_1_572' title='bbox 1107 5153 1311 5168; x_wconf 48' lang='lat' dir='ltr'><strong>m</strong></span> 
     </span>
    </p>
   </div>
   <div class='ocr_carea' id='block_1_21' title="bbox 1137 5223 2092 5392">
    <p class='ocr_par' dir='ltr' id='par_1_24' title="bbox 1137 5223 2092 5392">
     <span class='ocr_line' id='line_1_94' title="bbox 1137 5223 2092 5324; baseline -0.012 -11"><span class='ocrx_word' id='word_1_573' title='bbox 1137 5261 1187 5322; x_wconf 80' lang='lat' dir='ltr'><strong>so)</strong></span> <span class='ocrx_word' id='word_1_574' title='bbox 1204 5253 1262 5324; x_wconf 69' lang='lat' dir='ltr'><strong>aa]</strong></span> <span class='ocrx_word' id='word_1_575' title='bbox 1280 5256 1322 5308; x_wconf 76' lang='lat' dir='ltr'><strong>ne</strong></span> <span class='ocrx_word' id='word_1_576' title='bbox 1338 5257 1422 5311; x_wconf 78' lang='lat' dir='ltr'><strong>rute</strong></span> <span class='ocrx_word' id='word_1_577' title='bbox 1437 5258 1531 5322; x_wconf 82' lang='lat' dir='ltr'><strong>uss,</strong></span> <span class='ocrx_word' id='word_1_578' title='bbox 1550 5259 1646 5324; x_wconf 81' lang='lat' dir='ltr'><strong>rsss.;</strong></span> <span class='ocrx_word' id='word_1_579' title='bbox 1678 5258 1706 5308; x_wconf 83' lang='lat' dir='ltr'><strong>n</strong></span> <span class='ocrx_word' id='word_1_580' title='bbox 1724 5255 1804 5311; x_wconf 69' lang='lat' dir='ltr'><strong>osu.</strong></span> <span class='ocrx_word' id='word_1_581' title='bbox 1820 5223 1872 5306; x_wconf 80' lang='lat' dir='ltr'><strong>irs.</strong></span> <span class='ocrx_word' id='word_1_582' title='bbox 1893 5254 2003 5304; x_wconf 74' lang='lat' dir='ltr'><strong>uiuo.</strong></span> <span class='ocrx_word' id='word_1_583' title='bbox 2023 5253 2092 5302; x_wconf 70' lang='lat' dir='ltr'><strong>mss</strong></span> 
     </span>
     <span class='ocr_line' id='line_1_95' title="bbox 1171 5329 1552 5392; baseline -0.008 -11"><span class='ocrx_word' id='word_1_584' title='bbox 1171 5340 1227 5381; x_wconf 81' lang='lat' dir='ltr'><strong>vox</strong></span> <span class='ocrx_word' id='word_1_585' title='bbox 1245 5329 1343 5378; x_wconf 76' lang='lat' dir='ltr'><strong>nauus</strong></span> <span class='ocrx_word' id='word_1_586' title='bbox 1360 5329 1423 5378; x_wconf 83' lang='lat' dir='ltr'><strong>loeo</strong></span> <span class='ocrx_word' id='word_1_587' title='bbox 1440 5329 1552 5392; x_wconf 72' lang='lat' dir='ltr'><strong>legitur.</strong></span> 
     </span>
    </p>
   </div>
   <div class='ocr_carea' id='block_1_22' title="bbox 1135 5416 2092 5553">
    <p class='ocr_par' dir='ltr' id='par_1_25' title="bbox 1135 5416 2092 5553">
     <span class='ocr_line' id='line_1_96' title="bbox 1135 5416 2092 5553; baseline -0.011 -69"><span class='ocrx_word' id='word_1_588' title='bbox 1135 5427 1361 5553; x_wconf 28' lang='lat' dir='ltr'><strong>tipasam]</strong></span> <span class='ocrx_word' id='word_1_589' title='bbox 1384 5427 1427 5478; x_wconf 86' lang='lat' dir='ltr'><strong>sio</strong></span> <span class='ocrx_word' id='word_1_590' title='bbox 1449 5427 1535 5480; x_wconf 77' lang='lat' dir='ltr'><strong>ruse</strong></span> <span class='ocrx_word' id='word_1_591' title='bbox 1557 5427 1650 5494; x_wconf 60' lang='lat' dir='ltr'><strong>iffi,</strong></span> <span class='ocrx_word' id='word_1_592' title='bbox 1677 5425 1771 5491; x_wconf 60' lang='lat' dir='ltr'><strong>tom</strong></span> <span class='ocrx_word' id='word_1_593' title='bbox 1806 5421 1886 5478; x_wconf 79' lang='lat' dir='ltr'><strong>ovid.</strong></span> <span class='ocrx_word' id='word_1_594' title='bbox 1910 5421 1963 5475; x_wconf 77' lang='lat' dir='ltr'><strong>st.</strong></span> <span class='ocrx_word' id='word_1_595' title='bbox 1980 5416 2092 5474; x_wconf 60' lang='lat' dir='ltr'><strong>lituu.</strong></span> 
     </span>
    </p>
   </div>
   <div class='ocr_carea' id='block_1_23' title="bbox 0 0 2407 6240">
    <p class='ocr_par' dir='ltr' id='par_1_26' title="bbox 0 0 2407 6240">
     <span class='ocr_line' id='line_1_97' title="bbox 0 0 2407 6240; baseline 0 0"><span class='ocrx_word' id='word_1_596' title='bbox 0 0 2407 6240; x_wconf 95' lang='lat' dir='ltr'><strong> </strong></span> 
     </span>
    </p>
   </div>
  </div>
 </body>
</html>
