4778 6240
308 331 385 407 εστ
710 283 732 327 ’·
881 319 1004 396 eun.
1035 318 1162 396 suu
1180 315 1384 392 sutrrra
1415 314 1751 393 ruuococtca
2272 333 2350 408 2⁶⁸

309 503 426 575 filium
456 497 608 571 similem
632 495 744 565 Marti
764 497 803 564 in
824 493 973 587 pugnis,
1006 507 1041 563 et
1063 492 1216 564 similem
1232 493 1304 564 ful-
1354 514 1457 576 nem,
1483 490 1694 577 Hectorem,
1727 505 1762 563 et
1785 491 1875 563 alios
1898 493 2025 580 duces,
2059 497 2191 592 quibus
2212 503 2351 577 denun-

190 595 191 598 '
360 602 394 674 ri
411 603 547 674 robore
563 601 709 691 pedum.
759 596 881 669 Meum
900 608 972 681 est,
998 597 1085 667 dare
1100 619 1180 665 eam
1194 595 1302 666 Peleo
1354 595 1449 666 tians
1470 594 1625 664 mortem
1641 589 1814 678 Achilles,
1841 595 2017 688 Aeginam
2039 624 2141 672 suam
2166 604 2348 678 admiran-

310 631 496 777 macida,
509 701 558 798 u)
580 701 792 792 coniugem,
817 718 922 792 quem
935 699 1056 770 ferunt
1071 698 1301 772 iustissimum
1355 699 1439 768 dam
1465 698 1637 768 ostendit:
1673 724 1781 791 quem
1802 721 1869 767 nec
1893 713 2078 771 mortuum
2108 706 2348 783 destituerunt

311 810 360 879 ali
377 809 415 876 in
437 829 564 898 campo
583 801 681 876 lolci.
740 801 830 901 (Str.
849 799 903 898 6.)
928 801 1024 872 Eant
1043 813 1162 872 autem
1184 801 1304 872 nuntii
1356 799 1536 883 carmina,
1577 803 1638 871 sed
1665 802 1697 868 ei
1725 803 1771 870 ad
1793 824 1923 893 rogum
1951 804 2167 877 adstiterunt
2192 811 2348 903 virgines

311 935 397 980 mox
424 908 465 977 in
493 920 639 978 antrum
664 904 851 992 Chironis,
884 929 951 975 nec
972 905 1044 973 filia
1067 904 1175 977 Nerei
1198 905 1303 975 nobis
1355 903 1581 988 Heliconiae,
1607 916 1642 973 et
1658 904 1829 977 haderunt
1844 906 2018 976 celebrem
2035 909 2346 990 lamentationem.

311 1035 437 1082 rursus
463 1010 658 1080 certamina
671 1011 853 1103 praebeat.
905 1008 1062 1101 Vespere
1087 1021 1206 1078 autem
1229 1008 1303 1098 ple·
1354 1004 1480 1077 Visum
1502 1019 1555 1077 est
1575 1007 1683 1098 igitur
1705 1007 1802 1091 Diis,
1829 1007 1949 1078 virum
1971 1025 2215 1102 praestantem
2240 1019 2347 1089 etiam

310 1112 465 1197 nilunii,
491 1113 607 1183 solvat
625 1115 767 1184 frenum
783 1110 999 1204 virginitatis
1022 1112 1120 1202 apud
1134 1111 1303 1182 Heroem.
1354 1122 1538 1180 mortuum
1551 1113 1691 1180 tradere
1707 1106 1851 1204 hymnis
1866 1109 2039 1186 Dearum.
2082 1113 2175 1211 (Str.
2189 1118 2244 1215 7.)
2264 1119 2345 1192 ldeo

307 1216 370 1289 Sic
384 1216 506 1285 locuta
521 1228 573 1285 est
586 1210 735 1287 Themis
764 1219 811 1285 ad
826 1213 972 1286 Saturni
992 1212 1103 1294 filios3
1135 1212 1189 1281 illi
1216 1237 1302 1282 vero
1355 1225 1391 1283 et
1413 1236 1509 1282 nunc
1530 1211 1717 1317 Musarum
1746 1239 1871 1285 currus
1893 1215 2067 1304 celebrat,
2102 1232 2138 1289 et
2157 1237 2346 1318 promptus

309 1317 495 1413 palpebris
510 1331 731 1399 annuerunt;
757 1343 823 1389 nec
839 1317 947 1410 periit
965 1317 1101 1387 fructus
1114 1317 1302 1387 sermonis.
1355 1328 1408 1387 est
1430 1339 1558 1388 sonare
1580 1316 1710 1409 pugilis
1731 1317 1966 1404 memoriam,
1992 1333 2030 1390 et
2052 1347 2134 1396 eum
2151 1319 2345 1412 honorare,

310 1420 447 1492 Dicunt
470 1420 587 1509 enim,
626 1446 746 1515 regem
771 1421 925 1491 iunxisse
947 1418 1092 1513 nuptias
1115 1415 1303 1503 Thetidos‚
1355 1418 1418 1515 qui
1435 1432 1560 1490 nactus
1576 1433 1628 1492 est
1642 1419 1812 1491 Doricam
1831 1446 2002 1492 coronam
2027 1449 2070 1494 ex
2100 1427 2183 1519 apio
2203 1426 2345 1502 iulsth·

311 1537 348 1595 e,
376 1523 474 1593 docti
497 1523 568 1593 viri
590 1524 815 1596 celebrarunt
837 1546 971 1593 novam
999 1521 1167 1592 virtutem
1183 1519 1304 1593 Achil.
1354 1522 1458 1608 miis,
1498 1522 1582 1617 quia
1607 1523 1742 1595 vicin'os
1767 1524 1871 1609 vicit,
1912 1526 2046 1598 invicta
2072 1555 2183 1601 manu
2206 1533 2344 1626 fugans,

310 1626 374 1710 lis,
408 1624 496 1718 ipsis
521 1626 788 1717 ignorantibus:
829 1627 928 1721 quod
957 1638 992 1695 et
1012 1624 1169 1720 Mysium
1199 1627 1302 1718 nigra
1354 1651 1419 1696 nec
1434 1627 1626 1696 dedecorat
1639 1652 1749 1719 genus
1764 1628 1948 1719 patruelis.
1999 1632 2140 1729 Aliquis
2163 1634 2271 1705 etiam
2292 1638 2345 1706 iu·

288 1718 446 1812 'caede,
479 1727 662 1799 vitilerum
684 1753 851 1823 campum
883 1751 1138 1821 conspergens,
1180 1731 1303 1800 vulne·
1354 1753 1486 1799 venum
1503 1754 1546 1800 ex
1567 1744 1686 1824 myrto
1702 1745 1821 1801 nectat
1838 1757 2009 1804 coronam
2032 1735 2231 1822 Cleandro,
2260 1740 2344 1834 qnia

311 1842 393 1899 rato
414 1826 578 1921 Telepho
600 1834 818 1917 cruentarit,
850 1831 942 1929 (Str.
963 1830 1016 1929 6.)
1043 1843 1078 1902 et
1099 1845 1303 1904 construxe·
1355 1845 1391 1903 et
1409 1856 1506 1903 nunc
1527 1833 1565 1901 in
1578 1831 1744 1904 Alcathoi
1762 1860 1875 1927 agone
1891 1837 1974 1907 selix
1987 1838 2064 1924 hrit,
2089 1852 2124 1909 et
2138 1864 2220 1909 eum
2241 1842 2346 1933 prius

309 1932 360 2002 rit
392 1933 551 2003 reditum
574 1933 730 2020 Atridis,
770 1949 805 2007 et
824 1934 1000 2004 Helenam
1021 1935 1189 2021 solverit,
1221 1960 1303 2005 ner·
1353 1936 1393 2006 in
1410 1934 1595 2029 Epidauro
1632 1937 1797 2010 iuventus
1829 1943 1981 2033 excepit,
2019 1955 2054 2013 et
2075 1943 2225 2036 praebet
2254 1967 2344 2032 eum

313 2059 377 2104 vos
401 2034 534 2104 Troiae
558 2037 765 2124 exundans,
791 2039 854 2134 qui
876 2039 990 2130 ipsam
1008 2038 1159 2109 Troiam
1182 2040 1303 2109 desen·
1353 2039 1574 2110 laudandum
1620 2042 1735 2114 bonis.
1800 2044 2088 2115 Adolescentiam
2126 2045 2225 2116 enim
2264 2070 2343 2117 non

313 2137 443 2210 derant
463 2139 682 2229 proeliantes
704 2142 742 2211 in
764 2142 909 2235 pugnis:
951 2141 1116 2213 videlicet
1137 2142 1302 2214 Memno·
1353 2142 1522 2234 ignavam
1572 2143 1609 2212 in
1657 2147 1836 2237 palaestra
1884 2143 2117 2222 honestorum
2168 2150 2341 2222 iuvenum

308 2279 518 2293 ....-.....
1354 2246 1520 2318 exercuit.

348 2340 396 2399 ts)
413 2339 564 2408 Aeacidae]
584 2343 635 2398 Ed.
656 2343 730 2398 1563.
749 2344 879 2396 Aeacide.
