4784 6256
304 283 374 363 111
889 274 1012 349 PHIL.
1037 277 1150 351 Mul.
1183 273 1387 394 scutrrlt
1412 273 1749 379 Pfflboboulclt.
2275 279 2351 357 112

304 480 366 527 eos
386 449 580 536 admirari,
609 462 649 520 ut
669 444 928 521 Themistocles
957 450 1107 523 intuitus
1139 462 1191 519 est
1215 448 1300 527 Mil·
1450 445 1665 540 Respondeo
1693 448 1740 515 ad
1765 444 1960 514 Maiorem:
2005 443 2245 538 impossibilia
2272 473 2349 520 non

302 559 450 629 tiadem.
1350 561 1435 620 sunt
1456 551 1639 632 facienda,
1668 548 1739 621 nisi
1759 549 1929 617 mandata
1950 545 2079 618 aDeo.

405 655 467 726 Vs.
491 649 578 724 466.
631 654 730 724 Sicut
750 654 882 725 nullius
906 653 1013 746 pretii
1036 650 1105 751 es]
1152 654 1214 728 mu
1240 651 1300 746 bill
1451 649 1493 723 ΙΙ.
1544 653 1601 721 Ad
1621 650 1821 723 Minorem:
1857 649 2015 742 Quaevis
2040 651 2183 719 vocatio
2207 664 2261 722 est
2281 652 2348 723 im-

305 763 467 837 :inuste
492 759 557 832 aab
584 753 715 847 bleibtll
742 758 921 847 einfflott,
946 759 1012 831 ttub
1037 757 1299 831 mittelalters
1351 753 1549 847 possibilis,
1583 755 1645 825 sed
1678 756 1718 824 fit
1742 752 1920 844 possibilis
1947 752 2092 823 iuvante
2115 751 2193 823 Deo
2223 779 2348 826 secun·

303 865 380 958 [citt.
433 861 551 931 Curva
579 885 655 931 non
677 863 767 931 fiunt
785 875 895 932 recta.
945 858 1137 952 Vituperat
1158 860 1298 942 stultos,
1351 859 1436 926 dum
1461 858 1709 942 vocationem,
1733 856 1852 926 Moses
1874 854 2021 947 suscipit
2042 880 2118 925 rem
2144 857 2348 949 impossibi-

304 967 369 1064 qui
393 987 468 1033 non
487 973 572 1033 sunt
584 964 779 1043 sanabiles,
805 963 867 1058 qui
882 958 1017 1032 habent
1029 961 1298 1054 persuasionem
1350 960 1421 1028 lem
1446 955 1607 1031 humano
1628 958 1799 1041 consilio,
1822 957 2027 1050 aggreditur
2049 971 2190 1029 tautum
2211 984 2347 1051 regem,

304 1067 512 1161 sapientiae.
565 1063 711 1136 Debetis
739 1090 814 1136 vos.
833 1067 1051 1137 assuefacere
1080 1067 1118 1133 in
1147 1064 1299 1134 lectione
1353 1062 1660 1153 opulentissimum
1685 1076 1720 1133 et
1740 1061 1983 1132 firmissimum
2006 1061 2045 1128 in
2067 1074 2144 1133 toto
2169 1065 2257 1132 orbe
2275 1076 2347 1135 ter·

304 1191 540 1267 quacunque,
566 1180 608 1239 ut
631 1169 791 1258 cogitetis
817 1168 970 1259 insignia
1001 1192 1074 1239 esse
1093 1168 1298 1237 mandanda
1352 1188 1487 1236 rarum.
1538 1167 1647 1236 Aliud
1664 1178 1716 1236 est
1736 1165 1837 1259 loqui
1854 1166 1897 1231 de
1917 1165 2054 1234 curiose
2070 1166 2251 1257 susceptis.
2295 1164 2347 1236 Ut

303 1271 512 1349 memoriae.
591 1269 773 1365 Quicquid
801 1270 933 1365 ubique
964 1270 1136 1362 scriptum
1171 1282 1223 1341 est
1255 1271 1300 1341 de
1353 1268 1435 1337 volo
1448 1271 1636 1339 aedificare
1654 1264 1840 1361 pulchram
1858 1269 2006 1336 domum
2024 1281 2100 1352 etc.,
2120 1268 2238 1362 qualia
2254 1270 2346 1338 mul-

304 1375 468 1449 doctriua
494 1372 646 1455 urorali,
672 1397 813 1466 semper
835 1375 1062 1443 referendum
1089 1386 1141 1444 est
1166 1376 1211 1442 ad
1229 1371 1301 1443 De·
1353 1384 1388 1439 ta
1415 1385 1507 1442 sunt.
1559 1373 1637 1440 Huc
1663 1371 1844 1463 pertinent
1867 1369 1979 1438 dicta:
2012 1364 2182 1443 Μάταιοι
2202 1363 2347 1463 μάταια

306 1481 490 1568 calogum‚
520 1477 563 1544 de
591 1476 718 1567 poenis
742 1476 957 1559 iniustitiae,
989 1471 1125 1546 habens
1152 1477 1301 1551 commi·
1353 1470 1566 1573 λογίζονται
1591 1487 1656 1545 etc.
1709 1471 1816 1542 ltem:
1842 1467 1985 1568 Καίπερ
2009 1467 2082 1546 ἐών
2107 1467 2233 1571 ὀλίγος
2246 1478 2345 1564 μνᾶ-

304 1583 470 1655 nationes
486 1579 640 1662 divinas,
662 1593 722 1662 ut,
748 1578 821 1671 Qui
837 1578 995 1669 gladium
1013 1578 1202 1671 acceperit,
1227 1578 1301 1670 gla·
1352 1602 1414 1649 ται
1427 1573 1622 1671 εὐωπηχὴν
1643 1570 1829 1670 Ἀθήναν.
1881 1571 1920 1643 ld
1941 1588 2012 1658 est,
2038 1599 2258 1669 quamquam
2273 1576 2345 1644 exi·

304 1687 367 1757 dio
400 1681 533 1774 peribit
546 1679 606 1775 ⁶⁷).
657 1679 765 1750 Item:
802 1681 1026 1751 scortatores
1058 1694 1092 1751 et
1116 1681 1281 1751 adultero
1352 1692 1448 1750 stens
1470 1704 1623 1771 parvus,
1656 1691 1776 1747 tamen
1800 1688 1854 1747 est
1876 1701 2006 1769 procus
2032 1677 2229 1748 Minervae.
2279 1679 2346 1755 2116

305 1783 441 1876 etc.⁶⁸).
491 1779 543 1852 Ita
572 1784 748 1877 excerpite
768 1783 935 1874 insignia.
1226 1774 1229 1779 ’
1353 1791 1457 1858 usust
1489 1785 1538 1858 bie
1569 1783 1668 1857 tollen
1700 1778 1976 1874 btefomototct.
2016 1783 2066 1856 bic
2100 1784 2162 1856 tot
2195 1774 2345 1873 laterini

406 1884 486 1957 Vss.
500 1881 576 1957 457
594 1912 672 1981 sqq.
700 1887 807 1956 XXX.
841 1884 994 1983 Dcxsene
1011 1911 1157 1977 sponso.
1352 1885 1519 1982 palamst
1544 1886 1669 1980 baben,
1692 1909 1768 1955 rem
1791 1884 2025 1957 instituerunt
2047 1885 2154 1976 lunge
2175 1908 2345 1976 superan-

409 1991 516 2064 θεῖαι
557 1989 610 2064 titt
645 1991 729 2065 atter
770 1988 862 2066 utos
901 1991 954 2063 οἱα
992 1988 1111 2083 ittttgess
1153 1987 1302 2064 llteibtio
1353 2003 1426 2059 tem
1453 1989 1614 2081 ipsorum
1642 1988 1935 2078 intelligentiam,
1969 2001 2006 2057 et
2026 1986 2120 2059 vires
2143 2001 2178 2059 et
2199 1987 2346 2073 iudicia,

235 2160 240 2174 ,
305 2097 426 2188 simpl.
447 2090 481 2183 Ῐο
496 2091 722 2186 [tittssguvisse
740 2094 875 2181 Sintes.
890 2093 987 2185 quia,
1005 2093 1125 2162 sinon
1140 2092 1301 2184 gignunt,
1353 2093 1427 2162 imo
1456 2093 1563 2162 etiam
1582 2091 1800 2162 vocationes.
1853 2093 1904 2171 66
1930 2088 1970 2181 itt
1993 2091 2076 2186 nidyt
2101 2088 2346 2186 jtbmtltttod)

250 2244 253 2249 ι
306 2214 428 2270 tamen
454 2195 523 2286 ipsi
549 2209 634 2267 sunt
666 2197 782 2291 pueri.
844 2194 954 2267 Senes
989 2196 1120 2265 debent
1151 2220 1224 2267 esse
1249 2195 1301 2264 vi·
1353 2193 1524 2287 vestiunt,
1557 2194 1634 2291 nod)
1666 2197 1861 2287 ttettttt'lgtttl
1896 2195 1976 2290 fuld)
2010 2195 2085 2286 sing
2122 2192 2345 2288 ftitgttttttttttt,

309 2300 371 2372 dui
393 2310 459 2367 etc.
1353 2296 1430 2393 uod)
1457 2301 1512 2373 tut
1532 2300 1629 2375 uetct
1659 2320 1699 2396 go
1731 2300 1879 2393 satages.
1929 2299 1987 2393 Ι66
2022 2294 2130 2389 bcifft:
2172 2295 2245 2388 Qui
2280 2320 2345 2365 va·

407 2399 469 2472 Vs.
488 2396 575 2471 457.
609 2399 692 2472 Non
710 2412 762 2471 est
777 2403 966 2470 commoda
985 2400 1174 2472 iuvencula
1192 2394 1300 2497 seni]
1352 2403 1468 2486 leant,
1503 2403 1566 2496 qui
1600 2404 1693 2472 ferre
1724 2412 1888 2472 recusent
1913 2396 2067 2471 humeri.
2144 2401 2196 2475 (tt
2229 2400 2345 2475 {dnbtc

265 2552 268 2557 -
308 2494 390 2600 nipe
425 2501 514 2598 ἐρᾶν
549 2516 614 2578 etc.
646 2498 864 2575 Athenaeus.
936 2502 1016 2571 Alia
1047 2505 1178 2573 debent
1206 2503 1301 2596 cogi·
1352 2508 1441 2581 einet
1465 2506 1533 2580 mol
1558 2526 1598 2599 gu
1625 2510 1684 2582 ben
1707 2503 1889 2600 ffiiltboffcu
1914 2503 2029 2600 logan:

307 2619 384 2676 tare
411 2629 532 2685 senes,
560 2630 667 2701 quam
692 2605 757 2677 ista
781 2604 988 2676 domestica.
1407 2606 1463 2685 oo
1490 2600 1657 2702 δύναμαι
1683 2605 1752 2704 τὴν
1778 2605 1869 2708 αἶγα
1886 2606 2031 2706 φέρειν,
2059 2599 2267 2701 {uestinum
2279 2629 2347 2699 μοι

405 2705 483 2776 Vss.
502 2701 576 2777 468
594 2733 647 2802 sq.
699 2706 783 2779 Nou
811 2709 1037 2800 obtemperat
1059 2708 1299 2801 gubernaculo
1778 2709 1891 2802 βοῦν.

302 2811 395 2887 sicut
414 2807 537 2894 navis,
562 2834 607 2879 ne
630 2805 788 2881 anchora
805 2810 949 2904 quidem
971 2824 1090 2903 posset
1112 2806 1299 2910 retinere]
1352 2809 1402 2886 bt
1429 2813 1468 2907 itt
1493 2813 1547 2887 citt
1568 2809 1715 2907 sslldtolf
1745 2814 1812 2885 ttub
1837 2812 1920 2884 [dub
1948 2811 2032 2905 tritbt
2057 2814 2108 2888 ein
2134 2810 2241 2904 ibotff
2264 2813 2348 2906 tegi=

303 2906 344 2983 In
360 2913 631 3004 tempestatibus
646 2914 803 3004 figuntur
817 2937 927 2984 naves
946 2908 1131 2997 anchoris,
1157 2938 1203 2983 ne
1218 2939 1301 3006 pos·
1352 2936 1421 2990 tut.
1473 2915 1601 3009 ffiebult
1626 2916 1676 2990 bie
1696 2914 2043 3006 gemtiutttQtuteub.
2099 2915 2131 2985 1.
2154 2914 2245 2982 Sunt
2265 2917 2347 3006 pul-

216 3036 219 3041 ’
305 3018 378 3089 siut
399 3014 570 3086 ventisac
590 3017 859 3107 tempestatibus
885 3016 977 3085 verti
1000 3029 1036 3086 ct
1058 3016 1186 3107 abripi.
1352 3012 1437 3089 ebra
1467 3030 1677 3087 ornamenta
1704 3018 1740 3084 iu
1756 3039 1933 3086 sermone.
1984 3020 2021 3089 2.
2049 3015 2140 3086 Sunt
2155 3015 2262 3085 etiam
2280 3018 2349 3087 bo·

404 3116 467 3187 Vs.
495 3113 581 3189 460.
632 3119 864 3209 Abrumpens
897 3118 1039 3188 vincula
1065 3130 1161 3189 tenet
1190 3131 1300 3188 noctu
1351 3144 1420 3189 nae
1442 3119 1804 3188 commonefactiones
1831 3117 1868 3185 in
1896 3118 2064 3189 consiliis.

306 3220 415 3289 alium
443 3230 602 3307 portum.
1450 3219 1513 3292 Vs.
1528 3218 1612 3293 461.
1665 3220 1861 3314 Nunquam
1886 3233 2006 3290 teneto
2025 3233 2181 3290 mentem
2209 3222 2255 3290 ad
2279 3221 2346 3290 im-

406 3318 485 3389 Vss.
506 3316 578 3389 461
603 3345 681 3415 sqq.
714 3318 837 3392 XXXI.
872 3319 958 3393 Non
986 3320 1202 3393 instituenda
1232 3324 1299 3392 im·
1351 3322 1554 3415 possibilia,
1581 3323 1682 3393 irrita
1693 3320 1724 3423 ,]
1750 3329 1814 3400 but
1840 3323 1925 3420 siml
1951 3331 2017 3398 aud
2048 3345 2087 3419 gtt
2114 3322 2210 3415 taccu
2237 3321 2285 3415 ill

243 3466 250 3485 ι
307 3422 501 3519 possibilio-
1450 3424 1529 3497 Vss.
1538 3423 1610 3498 451
1630 3454 1683 3521 sq.
1726 3428 1850 3522 Neque
1870 3428 1984 3518 cogita
2000 3429 2043 3497 de
2059 3429 2231 3520 pecunia,
2256 3450 2347 3522 quo·

405 3526 588 3595 Probatur
616 3518 684 3610 hoc
719 3550 785 3617 per
818 3525 973 3616 plurima
1003 3526 1095 3596 bella
1136 3528 1298 3599 omnium
1351 3553 1432 3599 rum
1456 3529 1620 3624 adeptio,
1645 3530 1837 3624 perfectio,
1863 3527 2097 3626 subtimtttttg,
2125 3531 2221 3600 nulla
2246 3542 2310 3601 est.

307 3641 477 3700 aetatum.
537 3626 619 3704 illitl
650 3629 745 3702 teste
782 3627 879 3723 fobert
912 3629 1016 3725 Stitg
1046 3652 1111 3719 ott,
1152 3636 1224 3706 θεαὶ
1258 3630 1300 3723 fit
1453 3631 1532 3706 Vss.
1557 3630 1631 3706 466
1654 3660 1708 3729 sq.
1759 3633 1877 3704 Facile
1901 3659 1979 3705 rem
1998 3632 2059 3704 Dii
2088 3638 2194 3718 dant,
2227 3657 2345 3726 neque

306 3731 389 3828 nicht
414 3729 511 3823 liet&
537 3751 627 3827 guttg
651 3728 748 3835 [titt.¹
768 3732 937 3824 privatim
959 3746 995 3803 et
1014 3735 1164 3825 publice.
1215 3734 1302 3806 Fuit
1352 3736 1498 3823 malam,
1518 3761 1634 3832 neque
1650 3739 1796 3820 bonam,
1812 3761 1927 3830 neque
1943 3736 2045 3807 facile
2064 3738 2152 3806 daut
2165 3760 2346 3827 magnam,

304 3837 507 3931 symbolum
524 3834 699 3903 Friderici
714 3835 830 3905 ducis:
852 3834 1011 3906 Tantum
1030 3850 1203 3931 quantum
1219 3862 1300 3930 pos-
1352 3862 1468 3931 neque
1491 3835 1674 3936 parvam]
1725 3837 1779 3908 De
1801 3839 1906 3908 bonis
1928 3852 1980 3910 cst
2000 3839 2136 3910 facilius
2152 3839 2345 3913 intellectu.

305 3962 399 4009 sum.
449 3933 494 4007 ll.
520 3936 701 4006 Probatur
732 3962 796 4030 per
819 3939 1082 4010 aedificationes
1108 3941 1298 4011 stultorum
1454 3933 1614 4038 daritim]
1639 3943 1748 4011 sumit
1772 3943 1999 4034 generaliter.
2105 4018 2108 4023 ,
2198 4020 2201 4025 ,
2334 3936 2337 3941 ’

192 4052 198 4067 ’
305 4063 370 4135 per
396 4052 512 4108 totum
538 4042 661 4108 orbem
677 4050 866 4109 terrarum.
919 4041 1081 4135 Quilibet
1094 4044 1198 4111 debet
1216 4068 1300 4113 con·
1451 4041 1493 4113 In
1525 4043 1663 4113 difficili
1699 4070 1806 4137 opere
1835 4040 1944 4119 habet
1974 4044 2149 4133 laudem]
2211 4039 2251 4111 ld
2280 4055 2344 4126 est,

251 4152 255 4159 '
305 4141 463 4213 siderare
489 4164 570 4211 suas
592 4141 697 4211 vires.
748 4140 928 4237 Loquitur
948 4146 992 4213 de
1017 4145 1227 4232 vocatione,
1260 4147 1299 4216 in
1353 4159 1496 4238 oportet
1520 4151 1686 4218 accedere
1707 4150 1881 4220 laborem.
1940 4146 2001 4221 Nil
2027 4147 2102 4217 sine
2130 4167 2259 4234 magno
2290 4143 2344 4211 la-

307 4268 377 4339 qua
403 4244 508 4313 etiam
532 4240 601 4313 huc
624 4245 837 4335 includitur:
881 4246 1036 4340 Quando
1063 4274 1099 4319 es
1128 4249 1166 4316 in
1193 4274 1298 4319 voca·
1350 4250 1437 4319 bore
1467 4249 1540 4320 vita
1570 4251 1669 4322 dedit
1697 4250 1922 4323 mortalibus.
1979 4246 2087 4319 Item:
2120 4245 2345 4315 Commenda

305 4344 423 4430 tione,
455 4342 552 4417 Deus
578 4348 725 4418 adiuvat
757 4360 812 4434 te,
847 4351 961 4420 donec
980 4374 1104 4423 manes
1132 4351 1170 4420 in
1193 4376 1299 4423 voca·
1350 4351 1428 4422 Deo
1451 4354 1546 4423 viam
1568 4350 1737 4447 tuam⁰·).
1787 4351 1827 4422 ld
1849 4366 1921 4437 est,
1948 4355 1986 4424 in
2005 4355 2133 4424 sudore
2150 4349 2268 4421 vultus
2290 4345 2346 4419 tui

306 4449 416 4521 tione.
482 4449 594 4519 Utilia
622 4450 750 4535 facias,
785 4465 820 4520 et
851 4456 1064 4523 commenda
1091 4453 1171 4524 Deo
1201 4456 1296 4525 viam
1352 4455 1485 4553 etc.⁶¹).
1553 4454 1650 4524 Deus
1679 4454 1729 4522 ita
1761 4467 1931 4526 naturam
1968 4455 2151 4526 ordinavit
2180 4467 2262 4544 post
2292 4453 2345 4523 la-

305 4564 404 4623 tuam
436 4564 500 4620 etc.
533 4564 572 4621 ut
602 4552 774 4627 Salomon
789 4553 838 4650 ω)
861 4569 1001 4625 monet:
1035 4556 1211 4628 Proiicias
1235 4582 1298 4649 pa·
1350 4582 1475 4649 psum,
1502 4569 1537 4625 et
1557 4555 1719 4625 laborem
1738 4554 1835 4628 Deus
1860 4558 2027 4640 adiuvat,
2053 4559 2157 4629 utsit
2180 4556 2344 4627 etfacilis

306 4680 386 4724 nem
417 4667 519 4725 tuum
548 4658 585 4723 in
611 4680 762 4750 aquam,
790 4670 967 4728 ettamen
992 4659 1163 4729 invenies.
1351 4673 1386 4729 et
1408 4659 1492 4729 felir
1515 4658 1711 4729 invocanti.

738 4775 887 4848 Contra.
1452 4760 1622 4856 Sequitur
1639 4762 1865 4837 contiuncula
1891 4766 1934 4833 de
1954 4763 2101 4838 iustitia.
2154 4761 2221 4835 Iste
2245 4763 2346 4833 libel-

339 4914 344 4923 ·
422 4860 425 4865 ’
455 4875 539 4947 Non
564 4891 647 4948 sunt
672 4876 834 4949 facienda
862 4868 1109 4973 impossibilia,
1350 4865 1405 4935 lus
1427 4877 1478 4935 est
1499 4876 1670 4957 perpetua
1693 4866 1817 4937 concio
1838 4868 1881 4937 de
1904 4866 2000 4938 civili
2019 4867 2174 4951 iustitia,
2194 4867 2250 4936 vel
2265 4865 2346 4954 uni-

458 4976 499 5048 ln
516 4982 616 5050 omni
643 4976 831 5051 vacatione
855 4986 940 5052 sunt
965 4981 1210 5075 impossibilia,
1351 4968 1481 5037 versali
1496 4967 1552 5037 vel
1566 4966 1794 5059 particulari,
1820 4974 1863 5041 de
1882 4994 1952 5065 qua
1968 4970 2171 5064 loquimur,
2197 4973 2346 5061 quando

457 5079 552 5173 Ergo
576 5096 728 5154 nonest
753 5083 989 5176 suscipienda.
1351 5073 1394 5139 de
1421 5071 1607 5162 disciplina
1632 5073 1793 5145 dicimus.
1846 5078 1919 5151 ttab
1943 5075 1981 5166 ill
2006 5077 2056 5149 δίε
2083 5071 2226 5141 concio:

1453 5172 1560 5223 utsuu
1577 5171 1710 5227 iustitiam
1727 5172 1823 5226 nuuttl
1840 5178 1878 5249 et
1888 5187 1945 5229 uon
1962 5177 2086 5267 tannero
2102 5171 2191 5224 Divos
2201 5169 2248 5233 οι).

306 5237 511 5253 nun-o*

1354 5279 1557 5292 *bna—*unm*—

337 5310 387 5379 ll⁷)
404 5316 501 5365 ml·
518 5316 569 5382 ²⁶2
585 5316 632 5369 δ’»
1384 5340 1432 5405 so)
1451 5342 1553 5392 rasam.
1570 5341 1620 5407 m,
1638 5343 1663 5392 a.

338 5396 387 5465 60)
407 5402 489 5452 liobe.
510 5401 560 5461 ¹⁸,
578 5402 605 5453 4.
1385 5413 1434 5470 st)
1452 5414 1554 5462 Genea.
1570 5411 1607 5473 ³,
1627 5412 1666 5462 te.

337 5483 386 5550 52)
404 5486 595 5537 Eccleslsstes
615 5484 644 5536 ll
655 5518 664 5549 ,
685 5487 709 5534 Ι.
1025 5562 1028 5570 Ι
1385 5479 1434 5530 82)
1453 5478 1534 5543 Vtrg.
1553 5481 1623 5529 Aen.
1642 5479 1697 5541 Vl,
1715 5480 1775 5531 ⁶2⁰.
