4784 6256
148 291 153 299 “
203 301 281 382 627
365 355 366 358 ,
768 300 893 376 Plllh.
925 300 1040 377 Mun.
1066 299 1270 376 SCRIPTA
1300 297 1639 376 Pffltooootca
1666 334 1705 395 χ
1839 309 1853 388 ,’
2077 356 2084 369 ,
2161 305 2240 387 628

81 535 83 538 Α
202 474 316 567 telligi
336 473 505 556 fluvium,
532 496 685 566 eumque
707 473 881 565 appellari
906 474 1041 546 Graece
1062 475 1189 549 ἵππον.
1243 487 1370 568 poeta,
1414 474 1514 546 cuius
1549 474 1711 546 odiosam
1739 475 1994 570 loquacitatem
2027 472 2088 548 hic
2115 495 2241 569 notat;

171 633 174 640 .
202 577 288 652 Non
302 590 354 647 est
378 577 472 645 enim
491 574 701 646 inusitatum
717 571 787 646 hoc
807 600 942 647 nomen
956 576 1075 656 fluvii;
1104 603 1189 647 nam
1242 601 1328 647 narn
1347 578 1385 647 in
1405 577 1479 648 eius
1495 579 1654 649 versibus
1668 579 1792 647 eadem
1808 581 1918 648 verba
1932 604 2039 672 saepe
2055 581 2241 658 iteraban-

173 694 330 752 *autore
354 677 550 763 Strabone,
573 680 671 769 apud
687 675 840 751 Colchos
862 680 980 751 influit
1001 680 1040 748 in
1055 676 1191 751 Phasin
1243 692 1317 751 tur.
1384 678 1508 775 ltaque
1529 683 1576 750 ad
1599 680 1868 773 exprimendam
1890 683 2129 776 battologiam
2156 715 2240 765 usus

203 782 320 855 amnis
333 781 481 850 nomine
497 781 647 873 Hippos.
1243 795 1300 853 est
1315 778 1371 854 his
1386 783 1659 876 repetitionibus
1681 780 1775 876 (Vss.
1790 782 1970 915 102qu

2016 912 2192 986 sissima

404 1015 415 1027 Ι
532 951 644 1023 Tres
676 950 854 1023 Parcae.
1301 1007 1348 1076 M
1410 1009 1418 1025 ,
1530 1010 1538 1026 1
1614 1009 1621 1027 ⁸
1798 1006 1829 1049 ω

254 1072 316 1142 Vs.
334 1067 420 1142 654.
450 1073 679 1166 Triplicesquc
693 1076 860 1144 Deiectus
870 1070 933 1159 fila
947 1074 1121 1142 resolvent.
1346 1006 1497 1092 ‘mmm’
1524 1016 1655 1179 mm:
1669 1017 1782 1179 §ff
1829 1008 1864 1100 )¹
1891 1019 1924 1078 ‘t
1942 1023 2044 1083 ‘mm‘
2064 1018 2123 1085 ⁸¹⁴⁶
2145 1042 2242 1089 ”⁸⁰2⁸-

303 1188 412 1258 Extat
428 1193 524 1279 apud
537 1190 724 1258 Platonem
748 1190 785 1255 in
808 1190 951 1276 dialogo
974 1191 1018 1255 de
1033 1184 1189 1277 republi-
1241 1244 1256 1315 Ι
1372 1245 1405 1309 V
1468 1244 1492 1313 7
1520 1242 1544 1315 4
1639 1273 1646 1285 ἢ

203 1288 306 1389 cam)
329 1292 385 1361 vel
408 1294 451 1362 de
474 1291 589 1374 iusto,
620 1287 900 1382 pulcherrimum
918 1291 1125 1379 figmentum
1144 1290 1189 1355 de
1259 1250 1372 1338 tem(
1407 1271 1450 1316 ⁵⁵·
1493 1247 1518 1315 ⁰
1558 1243 1646 1340 ⁵q')’
1787 1371 1832 1390 ..
1903 1369 1904 1372 Ἴ

202 1395 343 1477 Parcis,
375 1394 558 1488 quomodo
585 1393 623 1460 in
646 1389 778 1462 throno
801 1391 1054 1475 Necessitatis,
1090 1390 1190 1459 cuius
1416 1471 1424 1488 .
1454 1471 1462 1487 ·
1565 1471 1573 1488 ·
1601 1370 1851 1517 flumemlll'r
1874 1370 2021 1460 diffide»
2046 1375 2194 1464 prodis?

201 1498 296 1567 filiae
319 1498 520 1587 tinguntur,
554 1498 701 1565 sedeant
723 1494 985 1594 aequaliinter
1008 1518 1045 1563 se
1072 1491 1189 1583 spatio
1213 1483 1217 1554 l
1295 1469 1357 1538 Me
1377 1468 1460 1536 ’ΝΜ
1474 1471 1609 1555 firmitt-
1642 1479 1704 1538 Μ·

203 1600 416 1681 collocatae,
451 1594 671 1667 vestimentis
688 1596 813 1688 albis,
854 1596 969 1687 capite
1004 1606 1190 1675 coronato,
1649 1613 1653 1620 ·

202 1701 391 1796 digitisque
405 1711 598 1793 torqueant
614 1700 732 1768 lusum
749 1709 785 1766 et
799 1722 949 1790 pensum
971 1695 1189 1766 necessitatis

203 1828 246 1874 ex
263 1807 452 1873 adamante
472 1802 624 1880 lactum3
658 1802 842 1893 quomodo
869 1798 954 1869 item
977 1801 1023 1867 ad
1045 1795 1190 1868 harmo-
1303 1799 1364 1871 Vs.
1381 1797 1467 1872 752.
1511 1805 1620 1871 Vertit
1638 1807 1683 1871 ad
1698 1803 1787 1874 dane
1802 1811 1890 1878 torvi
1909 1812 1984 1881 Dea
1999 1813 2118 1884 bellica
2132 1818 2237 1885 lumi.

203 1906 301 1974 niam
328 1903 416 1972 coeli
442 1913 573 1970 canant
601 1893 815 1994 praeterita,
849 1901 1052 1992 praesentia
1077 1914 1113 1970 et
1135 1903 1188 1970 su·
1569 1908 1626 1974 nie
1646 1908 1741 1976 orbes
1757 1906 1815 2003 ⁶⁷).

203 2017 297 2077 tura.
360 2003 514 2072 Animae
547 2028 634 2071 vero
666 2003 889 2074 nascentium
918 2004 1111 2073 ascendant
1144 2004 1189 2071 ad

202 2104 374 2225 thronum
400 2102 644 2223 Necessitatis,
683 2104 805 2199 ibique
830 2106 1030 2176 sortiantur
1050 2107 1123 2175 lata
1149 2129 1190 2173 ex
1243 2140 1346 2226 Dea,
1373 2152 1414 2209 u,
1439 2141 1677 2231 significetur,
1703 2167 1769 2215 nec
1793 2146 2222 2243 sapienfiamapotemia

203 2212 351 2304 genibus
368 2204 535 2278 Lachesis
554 2219 707 2297 sumpta.
2225 2206 2236 2236 ³

561 2309 570 2325 .
609 2309 618 2325 .
774 2307 783 2324 .
854 2305 863 2324 .
934 2307 942 2325 .
1067 2307 1076 2324 .
1244 2267 1310 2313 nec
1346 2243 1595 2336 potentiama
1636 2246 1812 2335 sapientia
1847 2250 2044 2322 seiunctam
2071 2278 2144 2325 esse
2175 2257 2237 2325 de·

306 2311 375 2381 S⁰d
399 2336 466 2381 ¹¹⁰⁸
498 2334 637 2379 ⁰¹¹¹¹⁸⁸¹⁵
668 2304 882 2400 lahynmhls
907 2310 1189 2425 d¹⁸p¹¹²⁸t¹⁰¹¹¹¹¹f¹
1242 2347 1347 2417 bere:
1374 2345 1550 2441 siquidem
1573 2351 1733 2439 potentia
1756 2352 1832 2422 sine
1848 2352 2025 2447 sapientia
2043 2358 2141 2428 obest
2154 2358 2234 2449 plu·

203 2418 247 2485 de
269 2413 505 2531 Necessitate,
532 2411 690 2485 ,dicimus
710 2413 824 2480 fatum
850 2410 1048 2501 significare
1070 2435 1191 2501 prow-
1243 2449 1401 2532 rimum,
1436 2462 1471 2518 et
1493 2448 1668 2542 sapientia
1692 2452 1768 2522 sine
1788 2456 1950 2546 potentia
1974 2454 2066 2528 nihil
2089 2472 2150 2529 aut
2168 2483 2234 2551 pa-

204 2520 365 2587 dentiam
386 2518 568 2596 divinam,
595 2537 687 2607 quae
711 2512 807 2581 bona
832 2526 1039 2596 conservat,
1064 2514 1191 2603 guber·
1243 2576 1324 2623 mm
1345 2552 1502 2644 prodest·

203 2632 268 2688 nat
290 2629 326 2686 et
347 2618 514 2698 adiuvat,
540 2616 635 2683 mala
664 2610 829 2707 reprimit
853 2640 893 2684 ac
915 2616 1027 2696 tollit;
1060 2627 1096 2683 et
1120 2615 1191 2683 alio

202 2721 313 2790 modo
329 2721 403 2810 agit
427 2720 465 2787 in
481 2718 639 2787 motibus
655 2718 746 2787 coeli
763 2731 798 2786 et
814 2718 1093 2799 elementorum,
1119 2717 1190 2785 alio
1594 2700 1655 2771 De
1689 2701 1841 2775 Invidi
1852 2730 1883 2777 a.

1501 1664 1653 1734 Pallas
1684 1690 1760 1736 cur
1794 1682 1979 1744 armata.

1351 2038 1472 2107 Pallas
1484 2039 1637 2128 lingitur
1667 2042 1774 2112 simul
1803 2058 1836 2113 et
1862 2045 2054 2136 sapientiae
2083 2061 2119 2117 et
2144 2051 2236 2119 helli

44 2801 50 2812 ’
86 2900 88 2904 y
202 2824 312 2930 modo
327 2823 365 2892 in
378 2819 566 2891 hominum
583 2820 862 2938 gubernatione,
889 2822 1017 2915 quihus
1032 2844 1107 2937 non
1124 2819 1192 2887 eri·
1297 2835 1375 2909 vg&
1394 2835 1469 2906 760
1489 2863 1541 2932 sq,
1585 2843 1923 2920 mgnuglnvffdffa,
1951 2849 2050 2933 apro
2071 2849 2238 2939 maten.

94 2995 96 2997 ,
202 2927 301 3020 pitur
315 2925 460 2994 libertas
476 2924 688 3007 voluntatis,
712 2924 771 2993 sed
788 2923 881 2993 iusto
898 2923 1031 2993 iudicio
1047 2925 1192 2991 adiuvat
1655 2948 1705 3014 ga
1730 2944 1804 3012 1050

81 3464 89 3472 ’
205 3433 308 3527 belli,
334 3445 370 3502 et
385 3429 631 3501 moderatione
648 3454 712 3501 sua
729 3431 936 3503 retinendae
952 3432 1069 3525 pacis,
1109 3428 1193 3506 Λά-
1248 3486 1257 3501 .
1299 3485 1308 3501 .

203 3028 302 3100 Deus
328 3029 458 3111 iustos,
502 3038 537 3095 et
564 3026 696 3095 deserit
722 3038 863 3110 sontes,
898 3040 939 3095 ut
962 3051 1024 3096 eos
1053 3026 1192 3117 puniat.
1299 3047 1401 3112 Tem
1420 3046 1516 3131 pem,

202 3129 361 3203 Nomina
379 3130 446 3196 tria
460 3126 660 3217 significant
676 3129 839 3196 ordinem
856 3130 1059 3197 actionum:
1085 3131 1193 3200 Kta-

205 3225 270 3303 dd
294 3243 346 3299 est
366 3253 389 3296 a
410 3230 608 3309 volvendo,
635 3228 762 3310 idest,
786 3228 882 3298 Deus
905 3231 1011 3298 offert
1034 3231 1191 3321 primum

207 3332 431 3412 occasiones,
456 3340 497 3398 ut
509 3327 684 3419 Pompeio
701 3329 850 3398 offertur
870 3331 1008 3401 occasio
1023 3332 1193 3401 movendi

1348 3178 1502 3269 Elegans
1523 3191 1576 3249 est
1588 3177 1747 3248 Invidiae
1771 3181 2056 3271 prosopopoeia,
2083 3205 2157 3274 qua
2182 3183 2233 3251 in-

1244 3278 1413 3349 vidorum
1439 3293 1588 3365 natura,
1631 3280 1775 3352 affectus
1809 3295 1844 3351 et
1874 3305 1992 3353 mores
2025 3283 2233 3354 describun-

1245 3394 1316 3453 tur.
1375 3382 1497 3452 Prima
1521 3382 1681 3453 invidiae
1711 3383 1821 3476 ipsius
1850 3386 1979 3455 domus
2009 3385 2047 3454 in
2080 3383 2245 3459 'vallibus-

1245 3508 1349 3568 rmrs,
1374 3484 1548 3576 significat
1562 3483 1646 3558 huic
1664 3489 1794 3557 morbo
1820 3486 1994 3558 obnoxios
2019 3512 2091 3559 esse
2113 3485 2232 3558 homi-

1244 3611 1308 3658 nes
1342 3613 1417 3657 non
1450 3591 1606 3675 excelso,
1645 3594 1708 3661 sed
1728 3587 1857 3660 humili
1880 3591 2001 3659 animo
2026 3591 2229 3681 praeditos;
2271 3612 2276 3622 ¹

206 3745 293 3815 imm
323 3745 441 3815 abilis
494 3743 531 3811 id
557 3755 608 3813 est
659 3743 790 3810 sactum
815 3740 982 3809 infectum
1010 3742 1089 3809 fieti
1118 3767 1193 3812 non
1244 3714 1352 3759 nemo
1366 3690 1484 3775 enim,
1509 3704 1550 3761 ut
1566 3693 1636 3763 dici
1650 3695 1759 3776 solet,
1787 3693 1932 3765 alterius
1946 3690 2064 3763 virtuti
2076 3691 2228 3774 invidet,

297 3772 320 3816 ¹¹
449 3798 459 3827 '
616 3795 627 3825 ’
1245 3792 1308 3887 qui
1328 3816 1412 3862 suae
1439 3796 1597 3866 contidit.
1654 3793 1796 3866 Docent
1818 3809 1937 3866 autem
1962 3789 2116 3887 physici,
2154 3788 2229 3863 hos

1243 3895 1456 3990 plerumque
1471 3893 1599 3968 humili
1615 3922 1656 3968 ac
1671 3897 1718 3993 ¹⁵⁸)
1739 3900 1878 3970 deiecto
1894 3897 2013 3968 animo
2030 3920 2125 3979 esse,
2149 3895 2230 3992 qui·

1244 3999 1310 4067 bus
1334 3998 1478 4089 sanguis
1500 4000 1591 4071 inest
1613 4000 1797 4091 frigidior:
1824 4003 1905 4071 ideo
1927 4013 1962 4070 et
1982 3998 2144 4068 invidiae
2166 4003 2230 4070 do·

424 4092 604 4184 ‘Apollo
636 4092 682 4162 in
718 4109 960 4187 pastorem.
1244 4125 1324 4171 mus
1346 4112 1398 4171 est
1422 4102 1532 4172 tristis
1557 4115 1592 4172 et
1618 4104 1738 4194 ignavi
1762 4105 1965 4198 plenissima
1989 4102 2152 4194 frigoris,
2193 4114 2228 4168 et

257 4211 336 4284 Vss.
352 4210 427 4283 680
444 4238 496 4307 sq.
522 4214 613 4284 Illud
632 4224 868 4307 erattempss,
902 4243 965 4313 quo
984 4229 1019 4289 te
1039 4222 1192 4307 pastoria
1246 4226 1338 4296 (1⁰³⁸
1366 4202 1442 4291 (Vs.
1459 4202 1562 4300 764.)
1755 4266 1757 4274 ,

614 4320 714 4407 pellis
1294 4327 1377 4415 igne
1392 4335 1484 4396 vacet
1497 4322 1545 4417 Ψ)
1560 4348 1707 4416 semper,
1734 4327 1880 4417 ealigine
1891 4349 2022 4415 semper
2034 4326 2191 4395 munds.

263 4422 386 4501 Testis
413 4444 557 4513 mque
568 4418 638 4508 suit
654 4423 790 4492 bacina,
803 4423 1032 4518 sylvestrat')
1050 4427 1166 4494 olivae·
1244 4441 1382 4512 Deinde
1401 4447 1482 4538 qnia
1500 4448 1624 4515 virtuti
1642 4472 1682 4515 ac
1699 4447 1895 4539 sapientiae
1912 4471 1992 4514 cum
2017 4445 2154 4512 invidia
2178 4442 2231 4511 ni-

309 4537 439 4631 Apollo
469 4539 541 4608 sive
565 4539 627 4608 Sol
646 4542 795 4632 fingitur
824 4555 965 4633 pastor,
1002 4554 1043 4611 ut
1075 4541 1209 4637 inquit·
1244 4541 1297 4613 hil
1319 4559 1371 4615 est
1393 4550 1619 4633 commercii,
1655 4545 1749 4619 hanc
1775 4549 1821 4619 ob
1845 4572 1988 4618 causam
2009 4546 2132 4616 Pallas
2156 4568 2232 4615 non

211 4636 380 4711 Iovianus
394 4639 597 4712 Pontanus:
1243 4645 1357 4717 intrat
1376 4646 1487 4739 ipsius
1509 4649 1638 4734 limen,
1670 4655 1731 4721 sed
1753 4664 1872 4743 postes
1902 4663 2061 4720 extrema
2087 4648 2231 4740 cuspide

278 4760 355 4822 onor
372 4761 487 4827 purat,
504 4759 631 4824 quiequid
648 4764 698 4815 ruo
715 4760 786 4816 saell
802 4759 930 4813 nascitur
946 4757 1015 4813 om.
1242 4750 1379 4842 pulsat,
1404 4746 1473 4819 hoc
1489 4764 1560 4836 est,
1586 4753 1700 4845 ipsam
1716 4766 1920 4824 commovet
1932 4752 2122 4824 invidiam.
2166 4749 2233 4820 His

1243 4851 1339 4922 enim
1362 4854 1488 4936 rebus,
1521 4855 1652 4926 virtute
1675 4881 1716 4927 ac
1738 4857 1933 4950 sapientia,
1973 4855 2066 4927 solet
2094 4852 2232 4924 invidia

397 5020 406 5038 .
468 4902 631 4973 Battus
666 4925 712 4970 ,ῃ
749 4926 916 4972 ⁵³¹um⁰
970 5019 979 5036 ,
1138 5022 1149 5042 ,
1241 4955 1427 5051 concitari.
1479 4955 1668 5029 Postremo
1685 4960 1866 5050 eleganter
1885 4959 2099 5032 describitur
2119 4956 2233 5051 ipsius

307 5020 407 5089 Batti
423 5022 542 5091 fabula
559 5022 664 5091 docet
678 5021 802 5091 fraude
822 5043 998 5090 sermonis
1014 5045 1055 5088 ac
1072 5044 1190 5114 perau-
1241 5054 1360 5139 m
1377 5059 1422 5129 ab
1440 5060 1567 5133 effectu
1596 5059 1672 5156 (Vs.
1689 5059 1811 5162 775.)Ζ

205 5122 265 5193 rio
296 5124 559 5195 abstinendum.
632 5122 719 5193 Fuit
748 5135 867 5193 autem
896 5123 1024 5193 Battus
1050 5123 1191 5218 ineptus
1279 5140 1282 5145 '

181 3536 183 3541 ’
202 3559 304 3634 χεσις
327 3550 379 3608 est
400 3536 474 3628 ipse
497 3546 664 3619 eventus,
685 3539 778 3605 'cum
801 3536 915 3603 movit
939 3537 1071 3604 bellum
1085 3536 1193 3606 Pom-

203 3640 326 3735 peius,
361 3640 432 3709 iam
456 3638 615 3738 periculo
640 3662 676 3710 se
699 3636 885 3731 implicuit.
937 3636 1121 3732 ’Ἀτροπος
1142 3652 1194 3711 est

205 3861 334 3940 potest.
375 3848 573 3937 Postquam
590 3843 788 3933 periculum
804 3845 1011 3913 accersitum
1029 3857 1100 3929 est,
1120 3846 1192 3914 iarn

132 4025 142 4053 ¹
206 3945 333 4017 haeret
356 3945 560 4034 implicitus.

205 5247 411 5268 *nn-

239 5305 288 5375 54)
315 5309 386 5360 pm·
411 5311 445 5361 do
472 5307 577 5373 republ·
593 5309 630 5361 x·
646 5310 728 5372 (σῃ.
753 5309 795 5361 ed·
815 5310 850 5363 fl.
869 5310 962 5373 steph.
990 5309 1068 5362 w·
1085 5325 1112 5377 P·
1128 5313 1190 5376 ⁶¹7·
1275 5261 1441 5416 pigerqnt]
1459 5263 1711 5331 stastatuta,
1730 5265 1823 5330 tosa,
1851 5260 2001 5365 orldild.
2018 5262 2120 5364 tilach-
2137 5263 2230 5316 nant,
2275 5269 2276 5273 ,

273 5391 298 5433 0,
317 5378 369 5444 (1,),
1344 5363 1380 5402 or
1398 5347 1440 5416 es]
1460 5349 1709 5418 steatomata,
1728 5352 1820 5417 tm,
1840 5352 1919 5404 ovid.
1936 5351 1985 5404 Ed.
1998 5352 2113 5407 Mrtsch.
2130 5350 2229 5405 orden

239 5446 288 5512 sa)
312 5449 436 5500 aarum
453 5447 621 5507 assesso]
639 5447 680 5498 aa
697 5447 782 5504 saite.
798 5449 891 5517 itas,
912 5449 1007 5514 usas
1040 5449 1121 5507 ovta.
1140 5453 1191 5506 na.
1275 5435 1324 5502 ὅθ)
1343 5438 1391 5498 ⁸⁰]
1409 5436 1460 5520 Et·
1475 5437 1552 5490 ¹⁵⁶⁹·
1570 5437 1668 5487 mendo
1686 5438 1814 5503 trust-2
1832 5448 1859 5492 α.

274 5516 384 5570 ttttact.
401 5516 537 5569 taculum
550 5517 695 5572 attoertre.
1276 5517 1325 5586 ω)
1344 5515 1440 5589 ναοί]
1459 5519 1503 5572 sto
1519 5520 1603 5574 ltdttt.
1618 5519 1712 5588 two,
1731 5521 1824 5588 ¹be
1849 5519 1928 5576 ortt.
1946 5520 1997 5574 Ed.
2009 5521 2124 5577 ΠΜ.
2134 5523 2230 5579 aaut.
