4778 6240
185 292 262 372 sss
359 247 365 254 ’

286 459 347 530 νε.
362 458 448 531 262.
475 453 594 554 Patri]
624 458 750 541 idest,
783 457 940 527 resoluto
959 459 1169 546 putrefacto,

184 576 286 633 cocto
309 563 355 630 ad
376 561 500 629 solem.
568 559 724 653 Sicut³⁴)
751 559 891 648 ingenia
919 554 1052 626 habent
1080 584 1169 650 opus

183 662 342 758 quadam
363 663 498 730 cultura
520 673 554 727 et
570 660 781 729 mollitione.

284 764 344 834 Vs.
375 760 462 835 264.
513 764 650 852 lupera]
691 761 728 828 id
763 774 842 842 est,
893 759 980 829 illud
1013 760 1166 849 spatium

185 889 368 956 agrorum.

283 965 343 1035 Vs.
363 962 450 1039 266.
490 971 538 1035 At
561 966 711 1058 siquos]
746 962 891 1035 Nonum
919 976 1165 1055 praeceptum:

180 1068 280 1160 Elige
295 1067 511 1136 conveniens
527 1066 655 1137 solum.
695 1065 785 1134 Item
802 1065 832 1134 si
847 1067 992 1134 arbores
1007 1064 1044 1130 in
1061 1065 1165 1133 aliam

179 1186 314 1240 terram
335 1171 522 1250 transfers,
549 1181 633 1236 tunc
650 1168 795 1235 obverte
812 1167 910 1234 illam
932 1179 1070 1256 partem
1093 1191 1166 1236 me·

178 1271 304 1352 ridiei,
330 1295 420 1363 quae
438 1283 540 1338 antea
557 1269 625 1338 fuit
641 1268 804 1336 meridiei
820 1269 981 1339 obversa.

280 1371 340 1442 Vs.
360 1373 446 1445 266.
474 1365 645 1466 Similem]
664 1371 698 1436 id
718 1381 789 1451 est,
815 1370 967 1439 similem
984 1367 1077 1436 inter
1093 1369 1166 1458 pri-

178 1500 277 1545 mum
297 1475 413 1542 solum
435 1486 469 1541 et
485 1474 658 1553 alterum,
682 1472 720 1539 in
736 1473 833 1562 quod
846 1471 886 1538 fit
901 1470 1099 1538 translatio.

280 1575 341 1645 Vs.
358 1576 445 1647 271.
471 1569 567 1670 Axi]
592 1574 629 1640 id
645 1585 715 1652 est,
742 1572 826 1661 polo
844 1570 1127 1661 septentrionali.

279 1677 339 1748 Vs.
356 1679 444 1750 272.
470 1680 504 1744 Α
518 1670 717 1769 τεηενίεἫ
742 1673 877 1742 Verum
896 1669 965 1741 hoc
982 1686 1047 1754 est,
1072 1673 1164 1740 mul-

178 1792 254 1848 tum
273 1780 378 1847 refert
395 1804 413 1844 a
429 1777 560 1844 teucris
576 1778 810 1846 assuefactum
837 1799 931 1858 esse,
958 1774 1041 1867 quia
1057 1775 1164 1842 rudes

176 1891 213 1947 et
228 1879 341 1946 teneri
362 1879 472 1945 animi
489 1878 603 1946 multo
620 1878 759 1946 facilius
783 1876 920 1969 aliquid
945 1876 1164 1967 concipiunt,

177 2003 286 2072 quam
302 1981 427 2050 adulti.

174 2156 183 2163 ,
278 2080 337 2151 νε.
352 2081 440 2154 278.
468 2077 632 2176 Collibus]
654 2078 841 2149 Decimum
859 2091 1087 2175 praeceptum
1102 2102 1163 2149 seu

177 2195 293 2274 capnt.
995 2262 997 2269 Ι

276 2282 338 2352 νε.
364 2279 451 2354 275.
491 2276 630 2376 Densa]
671 2281 707 2348 id
741 2292 809 2362 est,
845 2283 949 2350 serite
983 2283 1089 2349 dense
1125 2282 1162 2349 in

177 2409 304 2475 campo
329 2383 467 2473 pingui.

278 2501 339 2571 Vs.
352 2501 439 2573 277.
467 2495 683 2595 Inunpuem]
712 2499 845 2580 idest,
872 2500 1018 2568 arbores
1045 2498 1163 2568 distri·

174 2604 333 2672 buantur
349 2602 386 2667 in
409 2603 664 2693 quincuncem,
698 2600 759 2669 ubi
783 2613 879 2668 recto
905 2600 1030 2668 ordine
1056 2614 1163 2685 stant,

176 2727 319 2796 quaque
335 2713 370 2770 te
385 2715 512 2772 vertas.
547 2701 705 2770 Romani
722 2700 816 2769 enim
835 2726 958 2772 omnes
976 2725 1044 2784 res,
1071 2727 1162 2796 quae

175 2805 290 2874 dividi
304 2816 489 2895 poterant,
517 2804 716 2873 diviserunt
734 2827 798 2894 per
813 2816 932 2893 partes
957 2805 1053 2873 assis.
1105 2804 1162 2874 Sic

173 2918 290 2975 totum
307 2906 422 2974 solum
438 2905 636 2975 diviserunt
650 2904 747 2972 iuxta
764 2904 849 2976 assis
869 2905 1100 2988 divisionem,
1128 2921 1163 2977 et

174 3006 322 3096 singulis
339 3006 597 3099 quincuncibus
612 3007 817 3075 tribuerunt
832 3004 917 3078 suos
931 3009 1085 3078 ordines.

277 3123 338 3194 Vs.
363 3125 451 3198 279.
497 3132 540 3196 Ut
561 3127 673 3216 saepe]
709 3120 864 3196 Pulchra
894 3126 1090 3196 similitudo
1118 3130 1161 3196 de

173 3227 271 3296 bono
288 3227 426 3297 ordine.
478 3225 525 3295 Et
540 3253 624 3296 vera
641 3239 693 3297 est
708 3229 880 3296 sententia
896 3224 1160 3318 Xenophontis:

175 3324 274 3400 Nihil
290 3341 342 3399 cst
358 3353 421 3397 nec
439 3325 640 3419 pulchrius,
665 3352 730 3397 nec
757 3329 966 3420 speciosius,
1001 3353 1065 3399 nec
1092 3332 1161 3400 uti-

175 3431 243 3500 lius
261 3432 358 3500 bono
377 3432 513 3503 ordine.

277 3549 336 3620 νε.
353 3551 440 3624 282.
473 3552 669 3640 licoidenti]
697 3547 828 3631 idest,
863 3547 1053 3641 splendidi.
1105 3549 1161 3619 Sic

175 3650 270 3719 enim
304 3653 494 3742 legendum
529 3665 591 3721 est.
663 3647 715 3717 lta
749 3651 834 3719 alibi
869 3651 987 3744 inquit
1011 3652 1160 3721 Statius:

173 3752 315 3823 Emicat
335 3753 465 3842 effigies
483 3765 517 3820 et
533 3775 655 3842 sparsa
675 3747 852 3820 orichalca
872 3754 1047 3822 renident.

277 3866 338 3936 Vs.
354 3866 441 3939 288.
468 3865 646 3963 Forsitan]
664 3868 902 3939 Undecimum
921 3884 1038 3962 caput,
1053 3895 1159 3964 quam

174 3967 346 4060 profundi
362 3969 515 4038 debeant
531 3993 605 4038 csse
622 3969 774 4040 scrobes.

277 4086 337 4155 νε.
352 4086 440 4159 289.
479 4088 603 4177 Vitem]
630 4087 787 4157 Arbores
811 4085 1053 4157 immittuntur
1078 4114 1161 4179 pro-

173 4189 319 4258 fundius
337 4188 521 4257 interram
541 4214 649 4282 quam
666 4190 766 4258 vites.

277 4306 337 4378 νε.
352 4305 441 4380 298.
467 4312 547 4378 Non
559 4303 693 4402 flabra]
723 4306 846 4388 idest,
874 4305 980 4374 venti.

278 4423 340 4495 νε.
355 4425 443 4499 298.
470 4432 561 4496 Neve
576 4421 656 4523 tibi]
672 4425 930 4495 Duodecimum
948 4434 1070 4515 caput:
1096 4420 1163 4507 Illi,

179 4526 241 4620 qui
257 4528 378 4597 vineas
395 4529 534 4611 colunt,
562 4540 688 4598 curant
707 4551 767 4597 eas
781 4527 877 4608 fieri,
903 4538 944 4596 ut
963 4526 1034 4595 sint
1056 4549 1163 4617 expo-

178 4628 266 4700 sitae
283 4630 484 4698 meridiano
500 4629 587 4710 soli,
614 4643 649 4698 et
666 4629 928 4722 aliquantulum
950 4627 1100 4709 orienti,
1125 4626 1162 4695 id

178 4742 251 4814 est,
286 4730 374 4799 istae
397 4731 521 4799 vineae
543 4744 625 4800 sunt
645 4733 822 4822 optimae,
856 4754 947 4822 quae
970 4740 1053 4799 sunt
1074 4729 1162 4798 sitae

180 4833 224 4899 ad
248 4845 367 4901 ortum
391 4833 609 4910 brumalem;
651 4844 774 4921 postea
796 4831 915 4901 minus
939 4832 1054 4899 malae
1081 4842 1163 4900 sunt

179 4935 366 5024 oppositae
386 4933 578 5012 occidenti;
606 4934 795 5023 pessimae,
821 4933 1066 5024 septentrioni.
1160 4965 1173 4977 ν

215 5213 265 5271 84)
282 5215 435 5274 putrefacto
453 5241 488 5252 -
504 5212 596 5274 Sicut]
621 5214 663 5265 stc
681 5211 800 5276 scripsi3
832 5212 881 5264 nt.
902 5214 976 5265 1844.
995 5212 1162 5276 putrefacto.

253 5280 340 5331 Cocta
354 5285 393 5332 ad
410 5285 512 5343 solean]
530 5283 607 5333 Sicut

213 5379 266 5436 88)
284 5381 308 5430 Α
325 5381 447 5441 tennis]
468 5382 510 5431 stc
522 5383 573 5434 uo.
588 5383 664 5432 4844.
682 5382 710 5431 tn
727 5382 777 5432 hoc
794 5384 954 5443 comment.;
979 5381 1006 5430 tn
1020 5383 1095 5431 textu
1109 5393 1162 5431 su·

252 5450 307 5497 tem
326 5451 374 5507 (ε
390 5448 441 5502 tt.
458 5449 609 5517 Wagner.)
627 5453 659 5503 tn
676 5452 794 5504 teneris.
977 5472 979 5476 ·
1094 5480 1133 5577 ψ

646 280 864 360 LXXXVIII.
914 281 1197 362 ENARRA'I'IO
1229 286 1512 364 GEORGICON
1547 290 1753 366 VIRGILII.

2133 300 2209 372 890

1324 459 1385 532 νε.
1402 462 1490 534 299.
1523 463 1700 561 corylum]
1734 474 1882 555 propter
1905 464 2089 546 umbram,
2123 469 2207 556 quia

1221 561 1353 632 vitibus
1367 577 1472 633 nocet
1493 567 1634 636 umbra.
1735 566 1882 653 ttapetta
1904 570 2050 652 summa]
2087 565 2122 631 id
2145 580 2208 649 est,

1220 686 1265 731 ne
1283 688 1402 733 sumas
1420 666 1559 753 plantas
1577 691 1617 735 ex
1635 668 1782 736 summis
1799 665 1918 734 ramis.

1323 764 1382 835 Vs.
1400 767 1486 837 801.
1516 773 1646 838 Tantus
1668 793 1764 839 amor
1789 761 1923 861 ferrae]
1950 764 2075 848 idest,
2103 766 2205 837 citius

1219 868 1440 955 proveniunt
1456 871 1597 958 plantae
1617 870 1754 938 vicinae
1772 867 1962 936 radicibus.

1324 966 1380 1037 Vs.
1398 969 1483 1042 802.
1513 964 1630 1066 01εαε]
1656 971 1692 1037 id
1711 983 1782 1049 est,
1809 993 1853 1039 ne
1869 971 1978 1038 serito
1994 966 2081 1036 alias
2099 969 2204 1036 arbo-

1218 1091 1274 1137 res
1296 1069 1389 1138 inter
1405 1071 1541 1154 oleam,
1568 1086 1602 1141 et
1621 1074 1736 1140 oleam
1753 1073 1846 1140 inter
1862 1071 1949 1140 alias
1965 1069 2122 1138 arbores.

1319 1169 1380 1240 νε.
1397 1172 1484 1242 808.
1511 1171 1616 1270 Ruti]
1645 1176 1773 1256 idest,
1800 1172 1954 1263 proiicit.

1319 1270 1379 1341 νε.
1397 1274 1483 1346 812.
1516 1278 1588 1345 Ηοε
1610 1272 1686 1373 ubi]
1714 1276 1854 1344 Scilicet
1878 1270 2023 1350 accidit,
2058 1271 2203 1363 quaudo

1217 1373 1326 1440 semel
1361 1386 1443 1442 sunt
1475 1376 1638 1446 incensae
1663 1376 1780 1445 oleae.
1900 1368 2035 1467 Valent]
2077 1373 2203 1454 idest,

1217 1495 1291 1539 non
1318 1489 1499 1556 crescunt,
1539 1489 1574 1544 et
1596 1477 1735 1547 etiamsi
1760 1488 1939 1556 crescunt,
1981 1497 2053 1540 non
2082 1485 2202 1541 tamen

1217 1574 1394 1665 recipiunt
1414 1577 1572 1643 nativam
1596 1579 1681 1647 vim.

1318 1677 1379 1746 Vs.
1396 1677 1482 1747 814.
1512 1676 1683 1774 Oleaster]
1711 1677 1780 1746 Ein
1796 1677 1927 1743 wilder
1941 1677 2096 1744 olbaum.
2145 1675 2201 1744 Sic

1217 1774 1363 1867 quidam
1396 1779 1566 1852 ineruditi
1590 1781 1751 1848 fecerunt
1772 1774 1864 1845 hanc
1886 1777 2124 1844 differentiam
2147 1776 2202 1842 in-

1216 1888 1270 1944 ter
1287 1879 1393 1948 ficum
1410 1894 1444 1948 et
1460 1904 1708 1971 sycomorum,
1742 1892 1776 1947 et
1791 1880 1958 1947 dixerunt
1972 1900 2201 1968 sycomorum

1216 2002 1289 2048 esse
1314 1981 1417 2050 ficum
1443 1983 1662 2073 sylvestrem.
1729 1983 1798 2051 Sed
1820 1992 1962 2062 errant,
1993 1978 2076 2070 quia
2099 2000 2202 2068 syco-

1215 2103 1338 2151 morus
1356 2095 1407 2152 est
1429 2084 1616 2174 peculiaris
1637 2084 1769 2173 species
1792 2078 1925 2150 habens
1947 2103 2095 2170 pomum
2117 2101 2200 2170 par-

1215 2182 1279 2249 tim
1297 2183 1383 2266 fico,
1406 2185 1538 2277 partim
1555 2209 1658 2253 moro
1675 2184 1800 2254 simile.
1852 2182 1898 2251 Et
1917 2193 1969 2251 est
1991 2204 2199 2273 sycomorus

1215 2284 1319 2351 valde
1344 2285 1517 2355 celebrata
1545 2288 1665 2356 arbor.
1729 2285 1794 2355 Est
1816 2284 1962 2375 propria
1985 2281 2140 2374 Aegypti
2163 2292 2201 2353 et
2307 2325 2310 2330 ,

1215 2384 1448 2456 Palaestinae.
1498 2385 1546 2455 Et
1564 2400 1706 2476 oportet
1721 2387 1820 2478 prins
1836 2383 1956 2453 fricari
1978 2396 2013 2452 et
2039 2384 2118 2451 radi
2144 2404 2201 2450 ar-

1213 2485 1337 2552 borem
1363 2482 1475 2569 hanc,
1518 2501 1557 2555 ut
1578 2491 1640 2555 liat
1665 2491 1774 2556 ferax.
1840 2487 2036 2576 Propterea
2063 2503 2201 2553 acroma

1215 2588 1382 2655 modatur
1406 2591 1449 2655 ad
1473 2589 1646 2678 populum
1672 2588 1779 2678 legis,
1814 2587 1875 2678 qui
1897 2586 1977 2653 radi
2002 2585 2123 2666 debet,
2163 2585 2200 2652 id

1215 2700 1286 2771 est,
1313 2688 1374 2780 qui
1392 2714 1481 2780 opus
1498 2684 1606 2757 habet
1620 2689 1804 2780 disciplina
1822 2688 1881 2754 illa
1898 2698 1933 2754 et
1949 2687 2044 2774 lege,
2070 2697 2110 2752 ut
2127 2707 2200 2750 me·

1214 2791 1281 2860 lius
1297 2791 1372 2879 regi
1392 2793 1515 2882 possit.

1316 2892 1376 2962 Vs.
1389 2888 1476 2964 816.
1501 2898 1574 2964 Nec
1587 2893 1651 2962 tibi
1666 2901 1736 2961 tam
1746 2880 1911 2981 prudens]
1928 2885 2113 2955 Decimum
2130 2898 2200 2953 ter-

1214 2992 1302 3062 tium
1330 3007 1453 3085 capnt:
1494 2993 1650 3084 Quando
1678 2992 1766 3059 flant
1795 2990 2000 3084 aquilones,
2040 3010 2200 3078 praeser-

1213 3096 1278 3163 tim
1305 3096 1396 3163 circa
1421 3094 1638 3187 principium
1663 3106 1698 3161 et
1722 3095 1828 3160 linem
1852 3085 2010 3182 hyemis,
2049 3112 2124 3157 non
2146 3091 2210 3156 fo·'

1214 3198 1399 3266 diendum.
1892 3238 1900 3245 -

1316 3295 1375 3367 Vs.
1393 3297 1479 3368 816.
1503 3289 1658 3391 Movere]
1685 3294 1835 3374 scilicet,
1858 3304 1941 3358 ante
1959 3314 2033 3360 ver.

1317 3399 1377 3470 Vs.
1394 3400 1481 3471 821.
1513 3394 1654 3494 Prima]
1683 3397 1720 3463 id
1741 3407 1812 3476 est,
1838 3392 1880 3461 Si
1900 3392 1952 3461 vis
1972 3393 2113 3474 fodere,
2145 3394 2199 3460 so·

1214 3502 1288 3570 dito
1306 3500 1397 3570 circa
1414 3513 1644 3577 autumnum
1671 3510 1791 3566 nostra
1809 3493 1917 3565 fossio
1934 3517 1995 3564 seu
2008 3492 2197 3583 proscissio

1213 3606 1252 3672 fit
1269 3604 1306 3671 in
1324 3627 1419 3672 vere.

1316 3721 1377 3792 νε.
1393 3719 1480 3793 824.
1517 3723 1600 3790 Vere
1620 3715 1765 3804 tument]
1789 3713 1983 3784 Luculenta
2006 3711 2196 3802 descriptio

1213 3843 1317 3894 veris.

1314 3941 1375 4011 Vs.
1392 3937 1478 4013 825.
1502 3945 1606 4009 Pater
1627 3937 1847 4026 omnipotens]
1880 3931 2000 4002 lovem
2020 3930 2196 4020 intelligit.

1214 4044 1308 4112 Ilaec
1324 4057 1427 4134 poeta
1444 4043 1621 4132 Epicureo
1643 4062 1743 4107 more
1768 4038 1873 4119 dicit,
1906 4035 1967 4127 qui
1990 4033 2197 4125 appellatio·

1213 4170 1276 4214 nes
1300 4144 1367 4213 Dei
1395 4142 1599 4212 tribuebant
1628 4140 1696 4230 ipsi
1724 4163 1844 4208 rerum
1875 4150 2037 4206 naturae.
2095 4133 2197 4203 Scitis

1215 4258 1333 4316 autem
1352 4245 1429 4314 illas
1452 4243 1621 4335 profanas
1643 4240 1830 4330 opiniones
1854 4239 1937 4306 odio
1958 4237 2083 4326 dignas
2110 4259 2197 4307 esse.

1213 4347 1260 4417 Et
1275 4359 1327 4417 est
1340 4345 1513 4415 mirabilis
1529 4342 1642 4433 caligo
1656 4337 1896 4410 humanarum
1920 4339 2114 4421 mentium,
2146 4350 2198 4420 ut,

1216 4474 1295 4519 cum
1311 4472 1352 4516 eo
1368 4449 1439 4518 sint
1455 4445 1607 4528 conditi,
1634 4456 1674 4511 ut
1692 4453 1886 4531 agnoscant
1901 4439 2040 4521 Deum,
2068 4449 2196 4529 negent

1214 4565 1335 4620 tamen
1361 4549 1477 4620 Deum
1506 4571 1591 4617 esse.
1654 4544 1760 4613 Tales
1795 4543 1900 4611 etiam
1936 4544 2080 4611 fuerunt
2112 4540 2197 4634 Epi·

1215 4678 1376 4839 εῑπθινε.
1393 4767 1480 4840 826.
1508 4764 1681 4855 Goniupis]
1710 4762 1836 4846 idest,
1863 4773 1991 4831 terrae.

1314 4887 1374 4959 Vs.
1393 4886 1479 4959 827.
1504 4887 1634 4974 Magno
1654 4881 1805 4973 corpore]
1830 4876 1959 4963 idest,
1996 4892 2078 4950 tunc
2101 4893 2195 4947 terra
2306 4850 2308 4856 ¹

1214 4991 1253 5072 ur
1275 4989 1449 5060 foecunda
1472 4986 1668 5068 imbribus,
1703 4996 1738 5051 et
1751 4979 1921 5054 halitibus
1934 4981 2038 5051 bonis
2053 4983 2194 5050 descen·

1214 5092 1379 5162 dentibus
1395 5091 1433 5157 in
1450 5101 1596 5158 terram.
1654 5084 1710 5154 Illi
1735 5085 1858 5156 vitales
1880 5080 2011 5153 halitus
2034 5094 2195 5152 recreant

1214 5205 1374 5378 tmallis.
1391 5307 1476 5377 880.
1502 5309 1613 5377 Auris
1630 5305 1793 5393 Zephyri]
1822 5300 1858 5368 id
1884 5312 1955 5381 est,
1982 5298 2050 5369 illis
2079 5300 2193 5370 vitali-
2264 5373 2268 5381 ,

1212 5412 1297 5493 bus,
1323 5409 1502 5490 suavibus,
1528 5406 1688 5491 dulcibus
1705 5403 1872 5473 halitibus
1887 5412 2067 5469 recreatur
2086 5414 2191 5470 terra.

1600 5499 1683 5579 25*
