4778 6240
172 286 250 361 373
638 269 858 362 LXXXVIII.
903 269 1188 344 ENARRATIO
1217 270 1499 346 GEORGICON
1532 270 1740 346 VIRGILII.
2051 378 2056 388 Ι
2126 277 2205 354 374

275 451 338 523 νε.
361 450 447 521 313.
482 426 769 539 Imbriseeum¹¹>
795 467 854 513 ver
880 438 968 539 ruit]
995 441 1063 514 Hic
1091 470 1167 513 am·
1215 444 1367 516 Psalmis
1384 444 1430 538 ¹²)
1456 446 1496 515 fit
1516 446 1673 529 mentio,
1706 447 1805 539 quod
1826 443 1923 516 Deus
1946 445 2053 515 etiam
2077 471 2202 518 corvo-

173 559 279 650 bigo,
305 577 352 623 an
369 553 443 623 ruit
462 550 511 620 sic
527 547 659 639 exponi
678 547 825 627 debeat,
851 546 949 637 quud
975 545 1079 617 multi
1100 548 1168 616 im·
1216 572 1298 618 rum
1328 547 1445 638 pullos
1474 547 1573 631 alat,
1615 548 1678 640 qui
1707 551 1770 615 dat
1798 571 1914 617 escam
1946 547 2052 639 pullis
2078 572 2204 618 corvo·

174 663 258 730 bres
280 667 405 737 ruant,
440 676 486 720 an
512 675 600 719 vero
629 652 673 718 de
706 672 791 717 vere
816 646 989 715 inclinato
1011 661 1046 717 et
1068 672 1166 719 acce·
1217 675 1298 720 rum
1324 661 1412 733 etc.,
1449 649 1510 718 ubi
1533 650 1637 720 nobis
1663 645 1854 741 pulchrum
1874 651 2075 742 exemplum
2099 652 2204 720 boni·

175 764 283 833 dente
299 758 345 826 ad
362 767 556 836 aestatem,
588 755 690 845 quod
701 748 793 820 mihi
807 749 920 839 magis
936 749 1063 839 placet.

277 860 339 930 Vs.
353 854 441 929 315.
470 847 660 950 torqueat]
687 877 789 923 vveus
806 847 985 941 geschosst
999 847 1074 921 hat.

276 961 338 1032 Vs.
356 962 442 1034 321.
469 953 612 1054 Eperos]
640 957 678 1024 id
697 968 770 1039 est,
796 966 999 1044 tempestas.

277 1064 339 1134 νε.
355 1063 443 1136 322.
477 1065 586 1148 Saepe
614 1053 733 1153 aiam]
764 1055 832 1124 Hic
855 1054 954 1125 locus
976 1057 1022 1123 ad
1046 1056 1164 1124 elocu-

136 1194 142 1209 ·
174 1168 311 1236 tionem
327 1164 502 1257 pertinet,
524 1163 608 1254 quia
626 1162 786 1230 continet
802 1159 961 1248 exempla
981 1157 1143 1247 grandia.

278 1267 341 1337 Vs.
355 1266 444 1339 326.
470 1258 601 1358 Diluti]
629 1264 756 1343 idest,
782 1259 984 1328 madefacit.

279 1370 340 1438 Vs.
360 1367 446 1438 334.
473 1360 662 1461 Plaaquat]
690 1365 726 1431 id
747 1376 818 1442 est,
846 1362 1012 1430 stridunt.

279 1470 340 1538 Vs.
367 1465 454 1538 335.
495 1469 586 1540 coeti
618 1458 764 1560 menses]
804 1464 840 1532 id
869 1476 939 1546 est,
974 1462 1161 1531 duodecim

175 1597 290 1644 sina.

208 1599 230 1664 g
279 1672 340 1742 Vs.
356 1671 443 1741 336.
476 1665 635 1765 Friqida]
668 1670 799 1749 idest,
837 1664 1164 1748 observabat),

177 1777 264 1846 item
284 1780 332 1852 8.
383 1772 485 1841 Facit
499 1784 619 1842 autem
643 1770 835 1862 praecipue
856 1766 1074 1836 mentionem
1098 1763 1164 1836 ho-

176 1904 258 1949 rum
275 1875 521 1964 planetarum,
549 1873 632 1965 quia
655 1872 793 1963 positus
817 1893 943 1939 eorum
962 1869 1057 1938 cient
1076 1882 1164 1939 tem-

177 1976 620 2072 pestatesregularissime.
934 1993 936 1996 ·

281 2077 341 2148 Vs.
356 2077 443 2147 339.
471 2073 653 2172 operatus]
681 2077 717 2143 id
734 2087 806 2156 est,
829 2073 1040 2143 sacrificans.

279 2180 341 2250 Vs.
359 2177 446 2251 342.
477 2174 637 2273 Umbrae]
665 2179 700 2245 id
717 2188 786 2258 est,
813 2169 944 2245 halitus
960 2175 1144 2265 gratiores.

278 2281 340 2352 Vs.
356 2279 444 2351 344.
469 2275 590 2374 Dilue]
615 2283 651 2347 id
667 2290 739 2361 est,
766 2275 886 2346 misce.

278 2380 340 2453 Vs.
355 2381 443 2452 346.
472 2376 631 2475 ovantes]
659 2380 781 2460 idest,
806 2378 1011 2445 clamantes.

279 2483 341 2552 Vs.
365 2479 453 2552 351.
494 2486 604 2573 Atque
634 2474 731 2574 haee]
778 2478 1031 2565 Prognostica,
1073 2499 1164 2568 quae
1241 2504 1250 2518 ·

176 2608 309 2677 magna
325 2607 367 2652 ex
383 2594 485 2670 parte
500 2594 583 2652 sunt
600 2593 742 2670 sumpta
758 2604 799 2646 ex
815 2582 941 2649 Arato.

278 2684 341 2754 νε.
356 2680 443 2753 353.
470 2686 648 2755 Montibus
669 2685 785 2752 audiri
798 2675 938 2777 fraqor]
964 2684 1057 2751 Ante
1081 2703 1166 2749 ven-
1225 2705 1235 2730 ν

180 2804 249 2870 ιοε,
274 2811 314 2857 εο
332 2780 505 2855 rauschen
524 2786 580 2851 die
603 2785 739 2866 welde,
762 2784 845 2877 quia
862 2783 959 2852 venti
973 2795 1168 2875 coeperunt

179 2891 326 2984 quidem
343 2887 501 2968 moveri,
525 2889 587 2955 sed
602 2889 765 2955 nondum
781 2885 984 2956 effuderunt
999 2909 1035 2956 se
1051 2885 1089 2953 in
1104 2885 1166 2952 illa

178 2989 373 3061 humiliora
391 2990 481 3056 loca.
531 2986 595 3056 Est
611 2989 768 3079 primurn
784 2987 1054 3078 prognosticon.

282 3090 344 3160 νε.
359 3090 445 3160 360.
470 3093 546 3160 lam
559 3085 643 3184 sibi]
665 3090 702 3158 id
721 3101 784 3169 est,
800 3104 905 3160 erunt
920 3089 1041 3180 magui
1058 3099 1168 3158 venta.

284 3191 345 3262 Vs.
357 3191 444 3262 361.
471 3193 598 3264 cereres
611 3185 734 3286 aterpi]
754 3188 796 3261 ll.
813 3194 1087 3283 prognosticon,
1111 3191 1169 3258 die

184 3291 341 3365 teucher.
528 3287 532 3294 ¹

284 3397 345 3467 νε.
362 3393 448 3466 363.
474 3392 626 3492 Fulieae]
653 3395 710 3464 die
728 3390 953 3465 schwartzen
970 3390 1126 3491 tqpeber.

284 3498 345 3569 Vs.
362 3495 448 3568 365.
474 3502 586 3587 Saepe
604 3503 708 3569 etiam
725 3491 857 3593 stellas]
884 3495 943 3568 lIl.
968 3509 1171 3589 prognostr·

185 3624 264 3670 con.
336 3599 466 3670 Stellae
501 3604 666 3671 cadentes
700 3613 783 3670 sunt
823 3597 956 3669 halitus
986 3601 1070 3670 sicci
1102 3600 1172 3669 dis-

184 3703 291 3773 tracti
323 3715 357 3770 et
385 3701 619 3783 inflammati,
660 3715 695 3769 et
721 3714 783 3768 aut
805 3704 956 3772 multam
982 3701 1170 3772 materiam

184 3818 376 3876 ventorum
395 3803 595 3890 significant
610 3815 672 3871 aut
687 3800 928 3872 serenitatem.

288 3903 350 3971 νε.
364 3902 451 3972 363.
477 3906 586 3992 Saepe
603 3896 721 3995 levem]
742 3898 803 3972 IV.
826 3905 1094 3994 prognosticon.

289 4003 350 4073 Vs.
366 4004 452 4072 370.
479 4009 527 4074 At
544 3999 689 4099 Boreae]
717 4002 900 4072 Contrarii
924 4007 1021 4074 venti
1042 4005 1175 4096 signib-

185 4119 270 4176 cant
287 4106 461 4176 marianas
477 4119 721 4198 tempestates,
747 4104 837 4175 sicut
852 4130 974 4176 versus
992 4119 1113 4177 sonat:

338 4224 430 4275 Imber
449 4224 523 4286 erlt,
542 4227 659 4276 Boream
677 4223 702 4273 sl
721 4222 828 4288 quando
845 4223 983 4288 provocat
1000 4222 1112 4275 Auster.

292 4310 354 4381 Vs.
369 4311 456 4381 373.
483 4305 772 4407 Imprudentibus]
800 4311 926 4393 idest,
952 4334 1028 4379 non
1054 4312 1179 4378 admo·

189 4414 293 4496 uitis,
319 4415 355 4481 id
372 4428 442 4496 est,
465 4439 540 4484 nou
560 4428 683 4498 nocet,
711 4416 800 4508 quin
811 4413 913 4507 prius
929 4415 1135 4483 admoneat.

291 4515 353 4585 Vs.
373 4512 459 4586 375.
495 4511 619 4614 Grues]
648 4517 692 4588 V.
720 4506 987 4609 prognosticon.

187 4612 284 4714 cata]
310 4615 369 4686 Vl.
388 4622 655 4709 prognosticon.

293 4719 354 4789 Vs.
372 4721 458 4790 377.
485 4717 660 4817 Hiruado]
699 4719 775 4791 Vll.
796 4719 1065 4813 prognosticon.

296 4821 359 4892 Vs.
376 4822 464 4891 331.
489 4818 617 4920 Areua]
638 4826 765 4906 idest,
790 4819 868 4894 lris.

295 4925 357 4995 Vs.
375 4926 461 4996 332.
492 4919 691 5021 Exercitus]
715 4925 839 5007 idest,
865 4923 974 4993 Corvi
996 4936 1080 4992 tunc
1104 4946 1183 4991 cro·

194 5023 306 5096 citant
323 5028 531 5112 clamosius,
558 5040 593 5096 et
617 5026 748 5095 maiori
772 5027 914 5115 agmine
931 5026 1065 5095 volant.
1116 5024 1183 5095 llic

194 5127 312 5195 obiter
343 5132 520 5222 quaedam
553 5131 598 5198 de
630 5142 758 5199 natura
787 5128 886 5196 corvi
910 5127 1080 5201 dicemus.
1140 5123 1183 5195 In

235 5367 280 5433 tl)
298 5366 503 5435 'imbriferum
533 5371 574 5423 sle
591 5371 643 5423 Ed.
662 5372 820 5437 Wagrem
852 5368 904 5423 Etl.
923 5368 1002 5427 lffl·
1049 5366 1186 5430 ΠΜ·

265 5435 376 5500 teram.

1104 4517 1180 4586 Bu·

1217 751 1300 822 tatis
1322 748 1391 819 Dei
1417 752 1646 843 proponitur.
1697 750 1750 839 Ita
1784 764 1904 822 autem
1929 776 1966 824 se
1999 775 2055 822 res
2081 748 2202 822 babet.

1218 852 1355 924 Corvus
1386 867 1620 948 posteaquam
1654 856 1802 926 exclusit
1833 855 1976 946 pullos,
2015 855 2134 923 evolat
2160 879 2203 924 ex

1216 956 1325 1039 nido,
1351 968 1386 1023 et
1409 979 1535 1026 eorum
1556 982 1703 1048 prorsus
1727 957 1958 1028 obliviscitur.
2009 956 2128 1027 Tanta
2150 969 2205 1041 est

1216 1071 1366 1135 naturae
1390 1060 1489 1127 corvi
1511 1056 1705 1158 oloroppe'a.
1762 1060 1809 1129 Et
1836 1073 1888 1130 est
1909 1054 2057 1150 pulchra
2080 1057 2201 1151 imago

1215 1160 1395 1230 malorum
1407 1161 1609 1252 principum
1630 1176 1664 1232 et
1680 1165 1980 1254 gubernatorum,
2008 1174 2043 1230 et
2061 1161 2201 1251 pictura

1216 1263 1392 1356 quaedam
1415 1275 1654 1354 astorgorum.
1718 1263 1855 1334 Interea
1890 1289 1969 1333 cum
1999 1263 2049 1333 sic
2071 1262 2203 1333 deserit

1215 1364 1355 1455 pullos,
1395 1363 1491 1436 Deus
1527 1367 1727 1449 ordinavit,
1759 1380 1800 1436 ut
1829 1367 1866 1435 in
1897 1366 1984 1434 nido
2008 1377 2202 1435 nascantur

1216 1465 1421 1548 vermiculi,
1448 1467 1516 1537 illis
1541 1470 1743 1540 vermiculis
1765 1469 1908 1538 interim
1933 1470 2078 1537 aluntur
2099 1467 2201 1559 pulli.

1215 1568 1293 1637 Iloc
1317 1568 1518 1658 exemplum
1542 1574 1730 1661 proposuit
1748 1572 1852 1641 nobis
1871 1570 2054 1653 Psalmus,
2078 1583 2119 1638 ut
2142 1592 2202 1637 co-

1216 1670 1366 1760 gitemus
1387 1672 1429 1738 de
1448 1673 1649 1761 praeseutia
1667 1686 1702 1740 et
1717 1673 1876 1742 bonitate
1893 1671 1980 1756 Dei,
2013 1671 2095 1765 qui,
2118 1694 2200 1740 cum

1215 1774 1314 1840 illam
1338 1773 1481 1841 foedam
1512 1798 1615 1842 avem
1643 1776 1820 1845 desertam
1843 1798 1864 1843 a
1887 1775 2095 1864 parentibus
2116 1773 2202 1853 alat,

1215 1874 1319 1944 nobis
1337 1898 1480 1968 quoque
1503 1887 1538 1944 et
1561 1876 1726 1946 ecclesiae
1750 1901 1835 1946 suae
1857 1900 1931 1945 non
1946 1877 2130 1944 defuturus
2144 1873 2226 1956 sit„

1215 1978 1305 2048 sicut
1334 1989 1369 2044 et
1404 1974 1565 2047 Christus
1598 1979 1717 2073 inquit
1736 1978 1799 2074 18);
1844 1978 1916 2070 Qui
1945 2000 2102 2069 passeres
2127 1975 2202 2057 alit,

1215 2081 1329 2165 multo
1347 2079 1460 2169 magis
1475 2104 1539 2149 vos
1554 2081 1637 2151 alet.

1315 2195 1376 2268 Vs.
1399 2198 1486 2269 333.
1527 2203 1603 2269 Iam
1628 2195 1763 2296 varias]
1802 2198 1912 2269 Aliud
1944 2196 2201 2290 prognosticon

1216 2301 1380 2390 generale
1404 2303 1449 2369 ab
1472 2301 1620 2386 avibus,
1658 2326 1810 2396 quarum
1834 2304 1980 2370 crebrae
2004 2298 2202 2369 lavationes

1216 2402 1376 2493 pluviam
1402 2402 1613 2493 significant.
1739 2408 1828 2474 Asia
1848 2397 1992 2500 circum]
2017 2401 2205 2495 Etymolo·

1216 2527 1311 2594 gram
1333 2501 1439 2571 Asiae
1467 2527 1543 2572 non
1572 2505 1665 2586 scio,
1707 2527 1926 2598 quamquam
1957 2508 1996 2572 in
2019 2503 2202 2574 Nicandro

1216 2605 1455 2695 praelegendo
1496 2629 1576 2674 curn
1612 2607 1705 2674 forte
1739 2606 1949 2676 occurrisset
1989 2605 2203 2674 vocabulum

1218 2706 1304 2778 α’σιν
1320 2704 1385 2798 ¹⁴),
1417 2706 1546 2775 dixerit
1567 2707 1690 2776 Asiam
1717 2707 1883 2776 limosam
1908 2707 2039 2795 exponi
2063 2705 2206 2785 debere,

1219 2809 1303 2902 quia
1327 2808 1373 2878 sit
1395 2809 1521 2878 fertilis
1544 2823 1657 2889 terra;
1680 2821 1788 2902 atque
1810 2808 1847 2876 id
1870 2808 2047 2900 probabat
2062 2828 2127 2898 per
2142 2828 2207 2874 vo·

1220 2909 1384 2980 rabulum
1401 2910 1489 2984 ἄσιν
1496 2910 1552 2998 ¹⁴),
1570 2915 1667 3004 quod
1683 2912 1810 2982 limum
1825 2910 2012 3002 significat,
2028 2922 2116 3002 puto
2132 2931 2206 2978 esse

1220 3037 1241 3081 a
1263 3012 1412 3104 proprio
1436 3012 1485 3082 sic
1508 3015 1663 3097 dictum,
1705 3013 1789 3107 quia
1816 3015 1901 3082 olim
1926 3010 2064 3103 primus
2091 3009 2209 3080 aditus

1220 3115 1326 3183 Asiae
1362 3116 1546 3183 dicebatur
1579 3115 1676 3185 Asia.
1729 3116 1870 3206 Africa,
1906 3115 1944 3181 id
1972 3126 2042 3195 est,
2080 3112 2209 3194 calida,

1222 3228 1397 3299 aestuosa,
1413 3217 1489 3286 sine
1503 3217 1649 3306 frigore.
1683 3221 1830 3306 Europa,
1847 3217 1963 3298 idest,
1980 3214 2186 3304 caliginosa.

1323 3334 1383 3405 Vs.
1399 3334 1486 3410 392.
1512 3330 1662 3432 litaque]
1689 3334 1725 3402 id
1742 3346 1812 3417 est,
1838 3335 1984 3429 quando
2002 3332 2095 3402 circa
2110 3327 2209 3424 lych-

1144 3495 1153 3511 .
1222 3458 1289 3507 nos
1303 3450 1385 3506 sunt
1399 3463 1570 3530 vapores,
1596 3439 1659 3531 qui
1673 3461 1734 3508 eus
1749 3438 1954 3528 extingunt,
1969 3449 2053 3505 tunc
2068 3434 2210 3524 signum

1223 3552 1275 3610 est
1294 3542 1534 3630 tempestatis,
1576 3541 1659 3633 quia
1688 3563 1750 3609 aer
1776 3541 1966 3622 densatur,
2008 3549 2043 3605 ει
2063 3535 2209 3606 nubilae

1223 3653 1342 3733 partes
1364 3666 1426 3711 seu
1450 3667 1601 3734 vapores
1625 3653 1843 3732 sparguntur
1867 3641 1904 3709 in
1921 3663 2014 3708 aere.
2119 3641 2207 3709 con-

1224 3738 1407 3840 crescere,]
1439 3745 1477 3813 id
1500 3757 1571 3827 est,
1604 3744 1740 3814 videbis
1768 3767 1919 3835 vapores
1949 3736 2091 3810 densari
2116 3737 2209 3806 circa

1224 3843 1386 3938 lychnos.

1328 3965 1389 4035 Vs.
1406 3965 1493 4037 393.
1519 3971 1590 4036 Νεε
1607 3960 1735 4061 minua]
1761 3964 1868 4055 Signa
1884 3960 2096 4032 serenitatis.

1328 4066 1390 4136 Vs.
1410 4066 1497 4137 396.
1526 4062 1700 4163 Obaoaia]
1724 4070 1760 4148 id
1781 4079 1851 4149 est,
1876 4064 2060 4133 occultata.
2114 4104 2117 4108 ι

1327 4167 1388 4236 νε.
1404 4167 1496 4264 397.·
1521 4162 1669 4264 Teauia]
1690 4169 1784 4238 Puto
1801 4191 1874 4237 esse
1889 4165 2092 4259 Syneresin.
2136 4163 2214 4235 Vet-

1229 4273 1303 4340 lera
1320 4265 1435 4365 lanae]
1463 4271 1617 4361 Quando
1635 4270 1747 4339 nubes
1762 4280 1965 4350 rarescunt,
1992 4279 2027 4336 et
2041 4266 2215 4358 praebent

1231 4373 1303 4442 sive
1337 4373 1448 4439 edunt
1480 4372 1661 4463 quandam
1695 4370 1847 4461 speciem
1885 4368 2057 4439 vellerum
2097 4368 2216 4451 lanae,

1232 4488 1316 4543 tunc
1330 4474 1541 4566 plerumque
1556 4472 1757 4562 significant
1775 4483 1920 4555 ventos,
1947 4471 2009 4564 qui
2024 4483 2146 4539 tamen
2162 4493 2215 4541 se·
2326 4540 2334 4549 ,

1231 4576 1420 4646 renitatem
1438 4576 1604 4645 afferunt.
2213 4580 2216 4587 '

1333 4703 1394 4774 νε.
1412 4702 1499 4775 399.
1537 4672 1816 4799 anteponam]
1849 4699 1923 4773 Nos
1948 4694 2023 4769 non
2046 4695 2218 4767 babemus
2272 4674 2305 4785 ‘¹

1233 4807 1451 4900 Halcyones;
1487 4817 1540 4877 est
1565 4807 1662 4874 enim
1681 4805 1820 4873 marina
1844 4803 1939 4887 avis,
1971 4815 2006 4872 et
2024 4797 2133 4870 habet
2152 4820 2218 4866 no-

1235 4998 1440 5015 m

1272 5126 1316 5192 aa)
1336 5127 1438 5176 rasta.
1455 5123 1514 5186 ¹⁴⁷,
1527 5124 1552 5172 s.

1273 5227 1317 5292 ra)
1334 5227 1412 5280 cont.
1430 5227 1525 5276 naua.
1540 5225 1582 5286 ro,
1596 5223 1641 5277 aa.
1658 5222 1702 5272 ar.
1738 5223 1803 5272 nuc.
1820 5220 1862 5282 rr,
1876 5220 1894 5270 s
1906 5232 1950 5281 aq.

1274 5325 1320 5393 14)
1340 5323 1418 5388 ἄσιν]
1436 5327 1478 5376 sla
1494 5324 1608 5388 seripula
1636 5322 1688 5372 lld.
1706 5322 1780 5370 1344.
1797 5312 1875 5371 datr.

1273 5427 1339 5493 ¹4¹)
1359 5423 1533 5490 Eumenes]
1552 5423 1596 5484 ¹sto
1615 5420 1770 5562 {zelique
1800 5420 1849 5468 ut.
1869 5419 2007 5483 Wagner.
2032 5417 2173 5479 οιενοειοε.
