4784 6256
173 298 246 372 707
443 235 455 254 ο
604 291 624 345 '.
749 300 871 373 PHIL.
907 301 1019 375 MEL.
1053 300 1255 373 SCRIPTA
1291 297 1627 372 Pflnohofflcn
1836 330 1842 342 ·
2145 303 2212 378 708
2258 407 2262 412 .

173 470 283 553 Vide,
309 430 418 564 quam
445 472 575 541 diserte
599 484 635 542 et
652 471 780 542 Latine
796 473 896 543 Simo
918 468 1007 542 haec
1031 496 1163 544 secum.
1218 475 1364 543 modurn
1394 475 1468 543 fere
1502 472 1605 562 lingit
1631 467 1847 546 Terentius,
1882 469 2032 541 consilia
2063 475 2216 550 callidis-

174 574 235 645 Vs.
253 571 313 644 47.
339 571 547 671 Pollicitus]
573 575 792 645 pollicitatio
812 588 864 646 est
879 599 1092 669 magnarum
1110 600 1166 646 re·
1218 576 1308 647 sima
1325 576 1459 646 fallere.
1569 571 1648 644 Vss.
1664 571 1716 646 24
1732 596 1789 666 sq.
1819 577 1907 642 Hem
1929 574 2112 680 mutas]
2146 581 2217 653 lra-

176 701 258 748 rum
277 676 480 769 promissio.
1220 679 1278 748 nia
1295 690 1357 749 est.
1410 677 1487 749 Sibi
1501 677 1597 748 enim
1618 699 1726 746 omne
1742 677 1878 746 malum
1897 678 2082 757 adscribit.

300 829 303 834 ἱ
383 865 494 933 Actus
510 860 569 934 lll.
596 864 708 936 Stena
725 865 783 938 lll.
809 866 958 956 Argum.
1435 850 1546 919 Actus
1564 844 1622 917 lll.
1649 848 1761 918 Scena
1776 847 1821 919 V.
1840 848 1989 944 Argum.
2020 903 2024 911 .

278 993 319 1064 ln
337 994 405 1066 hac
428 1022 531 1067 scena
551 1024 759 1090 congressus
776 1001 931 1072 duorum
952 1021 1100 1078 senum;
1127 1022 1168 1067 ex
1192 961 1196 1047 l
1321 984 1575 1059 stomachatur
1588 982 1810 1078 Pamphilus,
1826 991 1925 1096 quand
1943 992 2110 1064 dolosum
2119 994 2214 1067 llari

179 1098 275 1168 falsis
292 1122 398 1167 verae
414 1101 505 1169 liunt
522 1103 681 1194 nuptiae.
1221 1090 1409 1161 consilium
1433 1103 1592 1175 secutus,
1630 1092 1856 1181 responderit
1876 1094 1991 1185 patri,
2027 1122 2065 1166 se
2091 1100 2218 1172 drutu-

280 1200 341 1272 Vs.
359 1205 392 1271 1.
419 1201 549 1303 Iubeo]
565 1200 731 1274 luhemns
749 1203 884 1284 verbis,
910 1201 1076 1271 volumus
1093 1200 1169 1268 ani·
1222 1218 1302 1263 rum
1318 1216 1479 1263 rrxorcm.

179 1326 251 1375 mo.
336 1303 398 1374 Vs.
413 1309 450 1377 2.
477 1308 616 1401 Aliquot
631 1302 711 1404 me]
738 1304 792 1375 Ex
807 1305 896 1375 fictis
911 1304 1046 1397 nuptiis
1063 1327 1169 1372 verae
1322 1296 1383 1367 Vs.
1400 1297 1434 1367 8.
1462 1292 1601 1393 runt]
1631 1299 1933 1396 uscuqoptxuica
1962 1322 2045 1370 vase
2065 1301 2162 1373 futili
2184 1318 2218 1375 et

178 1406 283 1490 fient,
311 1405 419 1500 idque
441 1406 583 1477 initium
611 1423 662 1478 est
687 1411 862 1499 epitaseos
886 1408 1037 1499 periculi
1058 1406 1097 1474 in
1118 1408 1170 1475 fa·
1221 1397 1357 1470 rimoso
1379 1402 1546 1497 drictum,
1580 1402 1616 1466 in
1638 1423 1780 1469 summo
1803 1399 1964 1490 periculo
1989 1420 2218 1498 usurpatum.

178 1509 276 1578 bula.
376 1507 437 1579 Vs.
454 1509 489 1580 6.
516 1506 744 1610 Amicitiam]
779 1510 1053 1581 Commendatio
1082 1510 1169 1577 ami·
1222 1498 1283 1572 Vs.
1299 1503 1333 1573 8.
1367 1509 1456 1588 Nec,
1490 1505 1571 1596 quid
1590 1497 1674 1598 me]
1711 1503 1884 1596 Uterque,
1900 1528 2024 1596 expers
2050 1521 2103 1579 est
2130 1534 2220 1580 con.

182 1611 286 1679 ciliae
310 1636 330 1680 a
357 1624 550 1694 vetustate,
584 1626 687 1683 ctest
707 1614 898 1682 obtestatio
927 1637 944 1678 a
971 1614 1100 1692 rebus,
1128 1615 1170 1680 dc
1222 1604 1305 1675 silii.
1358 1607 1446 1690 Quid
1467 1600 1628 1701 ais?⁸⁴)]
1655 1606 1786 1676 Gravis
1809 1607 2116 1702 estinterrogatio
2137 1636 2219 1685 cnm

57 1712 60 1723 “
181 1713 311 1807 quihus
333 1714 463 1805 agitur.
571 1715 632 1786 Vs.
657 1718 717 1787 11.
749 1721 804 1787 Ne
827 1741 879 1785 me
901 1709 1067 1809 obsecra]
1091 1712 1172 1783 Vox
1196 1782 1199 1789 ,
1224 1707 1352 1777 ironia.
1483 1708 1542 1778 Vs.
1571 1707 1629 1778 16.
1663 1705 1893 1807 Despiciam]
1931 1710 2096 1786 Donatus
2130 1716 2216 1808 legit

180 1816 288 1907 plena
314 1816 422 1885 officii
445 1827 481 1884 et
507 1811 703 1888 charitatis.
804 1817 864 1888 Vs.
883 1816 942 1888 14.
975 1823 1019 1891 Si
1036 1821 1072 1887 in
1100 1841 1172 1889 rem
1223 1814 1402 1901 dispiciam
1419 1811 1478 1905 ⁶⁶).
1539 1810 1603 1881 Est
1631 1822 1750 1880 autem
1780 1813 1974 1906 dispicere,
2014 1819 2221 1913 disquirere

181 1928 275 1989 tuom
289 1915 369 2016 ⁶⁰).]
393 1918 452 1986 'Ab
475 1918 555 1986 utili
580 1932 744 1989 accurata
772 1921 919 1991 locutio.
1032 1918 1093 1990 Vs.
1113 1920 1172 1990 17.
1226 1915 1426 1985 consilium·

145 2016 148 2021 ’
181 2021 289 2106 Quasi
311 2021 398 2113 itta]
426 2020 642 2091 Suavissima
672 2023 906 2091 commutatio
930 2037 983 2093 est
1008 2048 1027 2091 a
1059 2024 1174 2114 possi-

183 2122 259 2193 hili.
363 2122 423 2193 Vs.
443 2124 504 2196 26.
532 2128 738 2220 Priusquam
752 2121 907 2221 lurum]
935 2122 1114 2203 lnvidiose
1130 2128 1174 2193 de
1454 2087 1564 2158 Actus
1581 2083 1638 2157 W·
1658 2085 1811 2159 ⁸⁶⁸⁰st
1832 2086 1975 2181 Argum·

184 2247 257 2294 una
280 2237 419 2295 tantum
434 2224 606 2320 loquitur.
680 2227 740 2297 Vs.
759 2229 819 2297 31.
846 2226 1039 2327 Arbitrum]
1066 2225 1175 2298 Chre·
1329 2225 1426 2295 llaec
1462 2249 1565 2296 scena
1601 2227 1828 2316 potissimum
1868 2228 2025 2300 continet
2057 2230 2214 2324 iurgium

186 2348 262 2423 mes
283 2324 466 2418 Pamphili
482 2352 641 2398 amorem
655 2342 854 2421 suspectum
871 2328 990 2402 hahet.
1042 2331 1176 2402 vesu.
1229 2325 1378 2399 Charini
1393 2329 1431 2396 in
1445 2325 1688 2419 Pamphilum.

186 2430 283 2514 Quod
304 2433 370 2500 Dii
387 2426 622 2528 prohibeant]
645 2430 874 2505 Parenthesis
905 2458 971 2524 per
1002 2431 1177 2525 euphoni-
1330 2431 1391 2502 Vs.
1410 2434 1443 2502 1.
1476 2428 1651 2530 Haecine]
1685 2433 1884 2504 Exordium
1920 2435 2139 2506 narrationis
2173 2440 2217 2506 ad

186 2553 301 2600 smon.
342 2529 722 2606 Abhonestoetulili.
798 2535 860 2607 Vs.
879 2537 940 2608 38.
968 2533 1176 2633 Principio]
1228 2531 1460 2626 Pamphilum
1484 2535 1679 2608 institutae.
1746 2532 1881 2611 Pathos
1911 2541 2123 2633 aperlidiae
2157 2543 2217 2609 de-

184 2628 301 2701 Dilnit
326 2638 534 2706 summatim
560 2664 685 2711 omnes
707 2639 936 2711 obiectiones.
1038 2641 1099 2711 Vs.
1116 2638 1176 2712 ll.
1202 2687 1206 2757 Ι
1229 2640 1439 2722 testatione,
1466 2651 1588 2736 estque
1605 2641 1703 2713 locus
1720 2644 1932 2715 communis.
2010 2643 2069 2716 Vs.
2085 2641 2123 2712 7.
2155 2647 2219 2714 Ubi

186 2733 364 2833 intimus]
393 2738 509 2812 Testis
527 2742 805 2814 commendatio.
898 2742 960 2814 Vs.
976 2740 1036 2814 45.
1056 2748 1178 2816 Motu·
1228 2739 1390 2841 tempus]
1417 2740 1455 2813 ld
1471 2769 1537 2815 usu
1551 2746 1649 2815 venit
1667 2746 1760 2817 iuter
1773 2748 1999 2839 foedifragos.
2077 2745 2142 2817 Vs.
2160 2746 2220 2818 18.

152 2840 286 2931 trem]
313 2839 505 2932 Virgilius:
540 2846 721 2916 Maturate
745 2847 888 2937 fugam,
921 2847 1068 2943 regique
1091 2845 1178 2917 haec
1231 2847 1527 2948 coortosque]
1545 2846 2032 2942 Defensioahimprndentia.
2083 2849 2146 2919 Vs.
2160 2848 2222 2920 19.

178 2939 294 3012 ,dicite
319 2955 440 3017 vestro
469 2946 527 3041 ³¹).
1230 2949 1359 3051 Itum]
1400 2952 1620 3045 Propositio.
1745 2952 1805 3024 Vs.
1822 2956 1885 3028 2⁰.
1915 2955 2120 3026 saturare.
2143 2947 2223 3049 ⁶⁶)]

1232 3056 1368 3127 Graeca
1393 3057 1504 3146 ligura
1533 3070 1604 3141 est,
1631 3081 1696 3148 pro
1719 3056 1896 3150 decipere;
1926 3058 1977 3125 illi
1998 3055 2098 3125 enim
2122 3048 2224 3126 ὑπά-

400 3135 510 3206 A⁰l¹¹³
526 3133 585 3207 ffl·
609 3136 722 3206 scena
740 3135 798 3207 lv·
820 3137 968 3228 Argum·
1231 3184 1311 3259 yur
1329 3160 1453 3228 eodem
1471 3162 1581 3230 modo
1598 3173 1785 3252 usurpant.
1885 3159 1946 3231 Vs.
1959 3157 2020 3233 25.
2046 3153 2221 3253 natm]

252 3266 375 3339 Davus
387 3270 465 3337 seni
480 3270 654 3338 insultans
672 3265 839 3339 hortatur
851 3296 930 3341 eum
946 3277 990 3343 ad
1001 3275 1180 3347 iaciendas
1232 3264 1261 3331 Ρ
1264 3263 1426 3334 “missili
1441 3263 1590 3335 ironica·
1693 3263 1754 3336 Vs·
1773 3268 1835 3337 31·
1861 3268 1932 3334 lm⁰
1950 3256 2085 3357 elim]
2113 3261 2221 3328 Pam·

189 3369 352 3461 nuptias;
386 3369 574 3438 nonenim
594 3371 854 3462 putabatsorc,
881 3375 985 3444 utsic
1004 3392 1179 3468 ageretur.
1232 3362 1351 3457 Philus
1375 3380 1516 3437 excusat
1537 3368 1831 3459 imprudentiam·
1941 3363 2079 3437 V⁵·34·
2108 3368 2198 3436 8⁰5⁰·

190 3473 310 3567 Quum
336 3470 447 3564 igitur
469 3470 567 3542 videt
589 3469 716 3544 herum
741 3475 834 3546 serio
854 3478 898 3547 dc
917 3481 1089 3549 tradenda
1108 3482 1178 3550 lilia
1214 3538 1216 3541 .
1233 3464 1410 3541 Charinus
1425 3469 1543 3561 arguit
1557 3472 1791 3544 volunlatem·
1885 3469 1945 3542 Vs.
1961 3470 2023 3540 37·
2050 3472 2196 3537 Mare·

190 3575 348 3671 colloqui
375 3600 455 3647 cum
485 3572 693 3663 Chremete,
734 3579 860 3652 anxius
892 3595 926 3651 et
960 3584 1180 3655 exanimatus
1204 3614 1208 3659 ι
1232 3573 1409 3658 suaderes
1437 3597 1664 3660 01376,ΰῦῐῦ
1683 3573 1907 3646 vehementia
1928 3573 2027 3644 dicii·
2078 3567 2215 3641 V⁸·39·

189 3678 362 3765 redditur.
1232 3672 1393 3773 Daorsi]
1453 3676 1545 3746 Cum
1605 3679 1844 3749 admiratione
1895 3675 2221 3769 pronuntiandum.

292 3782 353 3857 Vs.
374 3788 407 3855 1.
434 3782 670 3882 Adtollunt]
696 3789 752 3856 Ad
767 3787 917 3878 epitasin
935 3786 1083 3878 periculi
1103 3812 1179 3879 per·
1232 3779 1275 3850 V.
1293 3778 1353 3850 43.
1379 3785 1449 3852 Dic
1463 3776 1579 3878 mitt]
1603 3781 1682 3851 Hoc
1696 3808 1836 3876 semper
1860 3779 2086 3850 iniuriosum.
2139 3775 2219 3844 Vir-

191 3887 301 3969 tinet,
331 3890 429 3980 quod
445 3912 486 3955 eo
504 3911 560 3956 res
575 3888 690 3968 redit,
716 3901 756 3955 ut
771 3889 863 3956 Davi
890 3890 1036 3961 consilia
1061 3892 1179 3960 obsint
1231 3884 1353 3973 gilius:
1381 3882 1448 3953 Dic
1465 3879 1573 3968 mihi,
1597 3885 1787 3971 Damoeta,
1811 3884 1928 3955 culum
1940 3882 1999 3977 ⁸⁷).
2080 3880 2143 3950 VS·
2160 3876 2218 3950 45·

190 3984 397 4078 Pamphilo.
456 3986 516 4055 Vs.
533 3988 568 4055 5.
596 3986 834 4086 qududum]
853 3991 981 4063 Gr'avis
997 3993 1114 4061 oratio
1134 3997 1178 4061 ab
1229 3982 1342 4083 Scio]
1368 3984 1508 4057 lronice
1530 3988 1733 4061 dicendum.
1863 3986 1923 4058 Vs.
1940 3986 2001 4058 51.
2036 3976 2217 4077 seruitio]

190 4086 260 4159 hoc
278 4088 494 4179 pronomine
510 4086 722 4185 plerumque
740 4094 923 4162 exorditur
940 4093 997 4181 ⁸¹).
1072 4094 1132 4166 Vs.
1143 4097 1177 4166 6.
1230 4089 1423 4160 Servitium
1442 4115 1510 4183 pro
1537 4092 1706 4162 servitute
1731 4092 1861 4185 posuit.
1970 4089 2031 4158 Vs.
2054 4084 2119 4159 55.
2159 4089 2216 4158 se·

193 4184 321 4288 setes]
354 4188 454 4260 Simo
478 4214 553 4259 rem
578 4190 681 4262 Davo
706 4195 831 4284 aperit.
947 4194 1008 4267 Vs.
1027 4195 1062 4266 8.
1090 4201 1179 4283 Quid
1227 4189 1335 4293 dulo]
1362 4194 1399 4262 id
1415 4206 1486 4277 est,
1513 4193 1589 4264 sine
1606 4196 1703 4267 dolo.
1803 4194 1862 4265 Vs.
1880 4189 1941 4265 57.
1968 4185 2157 4287 testim]
2184 4189 2217 4255 id

193 4291 306 4392 noui]
330 4290 481 4363 Versata
501 4293 594 4363 Davi
609 4295 856 4370 dissimulatio.
957 4298 1017 4372 Vs.
1036 4299 1094 4371 13.
1121 4306 1177 4373 ld·
1229 4309 1302 4382 est,
1324 4298 1446 4369 omnia
1465 4292 1555 4366 mihi
1573 4299 1670 4370 salva
1689 4301 1810 4370 redde.

194 4420 255 4491 que
277 4393 414 4496 suoru]
448 4397 504 4468 Sic
526 4398 610 4468 alibi
625 4394 689 4494 ⁸):
732 4400 867 4472 Orator
891 4403 934 4471 ad
959 4430 1022 4475 vos
1051 4405 1176 4487 venio,

194 4497 318 4583 sinite,
343 4515 510 4570 exorator
523 4516 563 4571 ut
577 4503 677 4575 siem.
735 4504 796 4576 Vs.
815 4506 872 4580 18.
898 4503 1067 4678 Furium}
1094 4509 1176 4577 Pol·
1448 4448 1558 4541 ΑΜ
1572 4468 1632 4543 Ν·
1655 4470 1768 4542 scena
1784 4467 1827 4540 ss·
1852 4471 2001 4562 Argum·

192 4599 338 4684 licetur,
366 4608 463 4697 quod
489 4605 636 4676 minime
659 4609 823 4679 intendit,
940 4608 1036 4681 Vs,1
1068 4661 1076 4679 ,
1104 4613 1177 4681 Mt.
1330 4607 1524 4681 Pollicetur
1545 4605 1604 4680 hic
1625 4594 2002 4704 Pamphilus-Mysidi,
2029 4634 2216 4706 nunquam

192 4727 289 4789 rum,
311 4703 380 4805 oi]
408 4707 519 4777 Caute
534 4706 657 4779 Davus
675 4712 839 4782 callidam
856 4713 1174 4804 interrogationem
1230 4733 1265 4779 se
1282 4711 1506 4783 deserturum
1524 4713 1752 4808 Glycerium,
1775 4715 1883 4784 etiam
1903 4717 1934 4785 si
1950 4739 2081 4788 omnes
2103 4713 2219 4786 homi·

42 4851 47 4857 -
194 4807 334 4896 excipit.
482 4809 542 4882 Vs.
557 4813 617 4884 21.
647 4816 735 4898 Quid
750 4827 799 4886 est
823 4811 973 4911 causae]
1001 4816 1053 4882 lld
1082 4810 1178 4885 huuc
1229 4837 1291 4883 nes
1306 4814 1375 4884 sihi
1395 4815 1441 4884 ob
1459 4816 1496 4886 id
1512 4815 1659 4891 infestos
1674 4818 1720 4889 sit
1737 4813 1937 4891 habiturus.

192 4968 397 4984 ...-
1330 4915 1391 4987 Vs.
1418 4920 1451 4988 1.
1493 4924 1568 4991 lam
1588 4923 1646 4992 udi
1668 4918 1758 5020 uli]
1802 4921 2048 4994 Confirmatur
2077 4921 2221 4991 animos

217 5036 273 5109 ao)
289 5046 323 5097 st
340 5047 372 5096 tn
384 5057 445 5097 rem
456 5046 554 5106 tuam]
569 5045 611 5097 ato
625 5047 653 5101 q,
664 5048 682 5098 1.
695 5047 722 5096 tn
735 5040 940 5099 ,nouumque
952 5049 1024 5098 1540,
1035 5051 1073 5113 a„
1091 5050 1177 5113 tots,
1229 5015 1422 5111 Pamphili,
1449 5047 1493 5091 ne
1512 5027 1651 5095 deserat
1667 5025 1887 5120 Glycerium,
1914 5050 1993 5095 cum
2011 5025 2221 5097 accersitur.

264 5115 358 5179 lm,
378 5115 470 5179 lm,
500 5114 592 5176 1⁶th
621 5115 651 5165 tn
677 5118 756 5166 texto
780 5116 872 5166 antem
896 5113 990 5167 talium
1008 5116 1178 5179 altarumque
1230 5179 1252 5188 -
1303 5182 1324 5188 ..

259 5183 346 5234 rotet.
359 5183 477 5249 tegitur:
498 5186 534 5237 st
551 5186 583 5236 to
600 5198 662 5237 rem
678 5189 739 5249 σας
763 5185 814 5238 Ed.
834 5185 926 5236 vello.
945 5187 978 5237 st
997 5187 1028 5237 ta
1046 5189 1143 5239 ronst.

224 5266 275 5333 111)
296 5269 376 5334 Vlrg.
394 5273 465 5324 Aen.
478 5270 501 5331 l,
522 5270 578 5320 m.
1263 5254 1312 5322 Μ)
1331 5258 1408 5321 Quid
1424 5252 1504 5324 otti]
1523 5260 1564 5310 stc
1582 5263 1647 5311 ittae
1664 5264 1766 5327 sotim
1787 5265 1835 5314 lto.
1852 5265 1945 5316 Votttr.
1962 5265 2035 5328 quid
2053 5258 2149 5332 artai

223 5353 273 5422 st)
292 5352 447 5418 exoratur]
468 5354 510 5404 ue
527 5356 610 5408 nostr.
628 5357 703 5407 roco.
718 5352 764 5419 n,
785 5354 875 5421 rem,
902 5343 991 5417 ists..
1019 5359 1111 5424 isar,
1128 5358 1177 5407 ro,
1232 5343 1502 5426 ..⁶⁵l„<¹.‘.⁸t'⁶.⁶.‘⁶”⁸,]
1513 5346 1659 5427 *stc-eum
1675 5350 1725 5400 Et·
1743 5350 1848 5402 voum

262 5425 337 5476 raro.
355 5425 509 5475 rossontus.
1264 5426 1313 5494 os)
1334 5427 1508 5497 meroem]
1527 5433 1567 5483 uc
1583 5435 1649 5487 aru
1666 5436 1766 5501 actua
1791 5439 1839 5490 uc.
1859 5439 1952 5492 voto.
1970 5441 2089 5494 cuno.
2114 5416 2220 5440 “⁹

224 5505 273 5573 Β)
291 5511 404 5563 ¹l'eront.
423 5511 536 5571 licem
552 5509 622 5573 prol.
636 5510 678 5565 10.
1263 5514 1312 5582 tt)
1330 5516 1409 5584 virg.
1428 5518 1522 5585 llclog.
1540 5519 1587 5586 lu,
1608 5524 1631 5574 t.
1993 5534 1998 5549 t
