4778 6240
55 264 131 339 ιω
200 234 202 239 ’
483 242 652 319 Lxxxll.
702 242 1102 319 lN'rEttPRE'llt'l'lo
1134 238 1429 312 PYTHIORUM
1454 238 1664 313 PINDARI.
2005 250 2081 323 2³8

54 431 168 514 tollit,
195 440 236 500 ut
256 423 387 495 clarior
410 420 476 506 sit,
503 432 537 489 et
562 418 769 501 Castorem,
795 430 830 486 et
850 415 1048 499 Pollucem,
1099 426 1175 483 ctae
1189 412 1238 508 ¹¹¹)
1265 412 1369 496 iecit,
1408 425 1443 481 et
1467 413 1673 485 servitutem
1703 414 1828 484 matris
1856 427 1892 483 et
1921 428 2081 486 coactum

55 535 218 604 Deorum
235 528 347 610 lilios,
375 525 438 618 qui
456 523 543 592 aliis
567 522 724 591 interdiu
746 519 883 591 suntin
906 519 1047 590 sedibus
1099 515 1305 606 coniugium
1328 514 1489 603 sustulit,
1523 541 1601 587 cum
1629 518 1806 587 formosae
1829 515 2000 588 Medusae
2027 541 2085 586 ca-

58 625 351 724 Tberapnes“),
378 625 464 697 aliais
481 624 577 693 intra
595 625 791 716 Olympum
809 618 985 691 habitant.
1097 618 1173 709 pita
1190 617 1366 707 rapuisset
1399 613 1490 709 (Str.
1506 618 1560 711 8.)
1580 618 1672 688 filius
1694 618 1857 701 Danaes,
1898 642 2007 713 quem
2034 620 2079 690 ab

1099 742 1189 789 auro
1207 731 1334 808 sponte
1349 718 1481 788 fluente
1496 734 1620 790 natum
1638 745 1711 792 esse
1727 721 1889 791 dicimus.

436 824 528 910 0th
559 822 658 907 ΧΠ,
1200 819 1270 889 Sed
1285 832 1474 913 postquam
1492 846 1534 892 ex
1549 819 1604 894 bis
1621 824 1802 893 laboribus
1818 822 1936 891 virum
1955 821 2086 890 libera·

273 975 419 1046 Midae
442 974 577 1043 mimi
598 972 833 1059 Aqriqennm·
1098 921 1152 988 vit
1172 920 1312 1005 Pallas,
1345 922 1427 991 lecit
1448 925 1571 1007 tibias,
1606 948 1694 1019 quas
1716 925 1853 994 invenit
1876 921 2084 1014 imitans.)

1098 1045 1178 1092 cum
1197 1024 1341 1114 organis
1366 1049 1516 1097 sonoros
1539 1026 1654 1097 luctus
1673 1026 1862 1121 Euryales,
1890 1050 1933 1094 ex
1953 1023 2084 1092 veloci·

161 1129 222 1223 (st
243 1179 253 1198 .
278 1128 328 1222 1.)
357 1126 499 1218 Quaeso
523 1137 577 1204 te,
611 1147 633 1189 o
656 1120 840 1212 splendida
859 1120 964 1201 urbs,
990 1142 1045 1189 se·
1093 1126 1159 1195 bus
1175 1126 1273 1214 genis
1291 1127 1424 1209 editos,
1452 1130 1644 1221 quodcum
1663 1129 1877 1212 invenisset,
1902 1127 2000 1196 dedit
2016 1122 2082 1194 bo·

59 1229 381 1321 des-Proserpinae,
397 1227 434 1294 in
451 1227 529 1317 ripa
538 1223 818 1314 acragantise’).
843 1220 1043 1290 ODomina
1098 1226 1276 1311 minibus,
1312 1242 1346 1298 et
1377 1231 1580 1300 nominavit
1610 1230 1848 1303 Harmoniam
1883 1230 2083 1299 multorum

57 1331 300 1424 Proserpina,
325 1329 479 1420 benigne
494 1325 644 1418 recipito
667 1347 838 1394 coronam
857 1323 977 1394 Midae
1003 1345 1045 1390 ex
1099 1328 1255 1420 capitum
1274 1333 1542 1402 convenientem
1566 1333 1678 1415 ludis,
1713 1328 1804 1425 (ser.
1817 1329 1871 1427 4.)
1895 1344 2084 1400 transeun-

57 1432 244 1528 Pytbone,
270 1446 304 1501 et
327 1432 465 1524 ipsum,
498 1429 560 1522 qui
584 1441 659 1496 arte
681 1452 743 1498 sua
762 1427 920 1495 Graecos
941 1425 1043 1494 vicit:
1099 1443 1169 1499 tem
1202 1455 1266 1521 per
1299 1446 1405 1502 tenue
1435 1459 1513 1517 aes,
1550 1448 1584 1504 et
1612 1436 1785 1517 calamos,
1828 1435 1898 1528 qui„
1922 1443 2084 1502 crescunt

60 1561 169 1634 quam
193 1548 305 1604 artem
329 1534 449 1605 Pallas
472 1531 629 1615 invenit,
662 1529 808 1598 imitans
832 1530 968 1600 tristem
994 1528 1045 1596 la·
1099 1557 1211 1625 prope
1235 1535 1359 1604 urbem
1382 1532 1569 1608 Charitum
1592 1538 1631 1606 in
1654 1538 1734 1607 luco
1762 1532 1925 1629 Cephisi,
1962 1534 2083 1605 fideles

60 1638 318 1710 mentationem
347 1636 579 1729 Gorgonum,
626 1629 1046 1726 (str.e.)quam1³er-
1099 1635 1312 1707 certantium
1334 1651 1449 1710 testes.
1502 1685 1508 1696 ·

61 1740 318 1824 eumaudivit,
351 1742 417 1810 sub
443 1751 649 1832 serpentum
675 1734 895 1807 deformibus
921 1733 1046 1828 capiti·
1200 1738 1239 1808 Si
1264 1763 1334 1833 qua
1355 1742 1502 1811 lelicitas
1523 1752 1576 1809 est
1598 1734 1808 1823 bominum,
1833 1762 1908 1810 non
1933 1735 2082 1808 estsine

60 1845 126 1915 bus
142 1844 256 1914 lusam
272 1843 416 1933 lugubri
438 1843 582 1922 labore,
606 1841 751 1933 quando
768 1837 954 1907 Medusam
974 1851 1047 1905 ter-
1099 1842 1274 1913 molestia.
1333 1841 1431 1915 Deus
1454 1855 1572 1913 autem
1596 1844 1755 1934 perficiet
1778 1855 1839 1913 aot
1862 1838 1988 1923 bodie,
2021 1849 2085 1907 aut

61 1946 148 2016 tiam
162 1969 323 2016 sororem
347 1945 542 2028 interfecit,
565 1957 689 2035 postea
713 1941 874 2010 marinae
892 1937 1045 2031 Seripho
1099 1956 1234 2036 postea.
1286 1943 1414 2016 Fatum
1430 1971 1516 2015 vero
1532 1969 1607 2014 non
1626 1959 1678 2017 est
1694 1946 1887 2029 evitabile„
1922 1941 1992 2012 Sed
2016 1939 2085 2008 erit

62 2060 99 2118 et
119 2048 260 2141 populis
284 2047 430 2117 exitium
455 2050 636 2129 adferens,
673 2057 708 2113 et
731 2039 926 2138 Phorciw)
957 2043 1048 2112 divi·
1100 2060 1241 2139 tempos
1271 2046 1381 2132 illud,
1420 2053 1516 2142 quod
1552 2061 1586 2117 et
1617 2051 1864 2141 desperantem
1893 2067 2016 2114 rursus
2046 2041 2085 2110 in

61 2175 149 2223 num
176 2175 285 2242 genus
307 2151 457 2233 delevit,
481 2164 515 2220 et
538 2151 637 2220 triste
663 2148 867 2217 convivium
894 2146 1047 2239 Polyde·
1099 2174 1198 2241 spem
1224 2148 1347 2240 erigit,
1379 2164 1414 2220 et
1435 2153 1532 2222 aliud
1561 2152 1705 2244 quidem
1733 2151 1851 2234 dabit,
1887 2147 1984 2216 aliud
2007 2142 2087 2238 qni·

68 2295 162 2305 ·-·-·
187 2298 191 2302 -
213 2296 256 2303 -·
1100 2255 1181 2321 dem
1204 2253 1403 2342 denegabit.

98 2354 146 2420 24)
166 2357 338 2416 Therapnas]
357 2353 497 2413 Εᾱ.,1563.
516 2352 612 2399 nocido
633 2353 762 2411 synope:
783 2349 948 2410 Ttierapens.

99 2441 146 2506 25)
166 2441 345 2504 acragantis]
369 2440 410 2488 sle
434 2439 534 2499 scripsi
554 2438 602 2500 (z
620 2437 697 2488 Plnd.
717 2427 934 2499 {dapalyamoeh
964 2432 1050 2482 odite.

138 2509 230 2568 tosa,
255 2509 328 2557 1568.
347 2508 527 2569 Αςταςαηὶίε.
1135 2485 1183 2549 2⁷)
1200 2485 1381 2547 Polydectae]
1401 2487 1450 2537 ud.
1465 2486 1540 2537 156³.
1575 2484 1741 2535 Polldeetoe.

101 2593 151 2657 2⁶)
175 2593 287 2653 Phorci]
304 2593 346 2642 sie
363 2593 397 2643 u.
414 2591 525 2652 scopu,
549 2589 651 2653 lleyoli
677 2593 705 2640 et
721 2587 850 2641 aooetntt
874 2587 1051 2649 loterprott.;
1136 2582 1185 2643 28)
1215 2583 1321 2632 loventt
1344 2584 1468 2651 imitans]
1503 2585 1730 2645 slotld.1ddss.;
1772 2585 1821 2632 Ed.
1840 2584 1915 2634 laod.
1940 2583 2085 2643 corrupte:

137 2663 187 2711 ild.
202 2662 278 2715 1568.
297 2662 436 2723 Phorcys,
454 2660 502 2710 tto.
522 2659 594 2709 1563.
614 2659 744 2713 ΡΙιοτοίες
765 2659 843 2707 t‘tnu.
856 2653 986 2721 Φόρκοιο.
1174 2652 1282 2716 iuvem,
1301 2653 1432 2705 limitans.

1106 2410 1310 2423 ”Ono-nt*-
