4778 6240
88 253 165 335 Μ
233 236 235 240 ’
510 243 678 321 [xxxta
732 243 1128 320 luruueuura‘rlo
1160 243 1454 317 PYTHIORUM
1488 245 1695 323 PINDARI.
2040 261 2117 353 226

88 426 277 519 templum.
336 421 472 492 Aderat
492 433 613 490 antem
635 443 837 510 purpureus
864 441 947 510 grex
963 413 1080 488 Thra·
1104 460 1108 481 .
1133 419 1228 489 viros
1254 418 1525 489 interfecerunt:
1566 419 1628 490 ubi
1650 432 1685 490 et
1711 420 1865 491 vestibus
1886 423 2012 493 donati
2032 444 2116 498 sunt

90 531 230 603 ciorum
245 527 377 608 boum,
407 537 443 594 et
458 521 600 592 eratibi
614 521 786 592 divinitus
810 546 892 590 arae
915 520 1080 592 latitudo.
1131 532 1213 610 post
1227 521 1443 604 certamina,
1475 518 1566 613 (Str.
1584 523 1661 620 12.)
1686 535 1722 592 et
1741 525 2010 595 concubuerunt
2033 550 2115 611 cum

89 629 273 707 Accessuri
291 628 388 698 enim
404 624 615 717 periculum,
637 623 878 714 precabantur
890 621 1079 691 dominum
1130 620 1289 694 Lemniis
1306 622 1526 696 mulieribus.
1578 624 1681 694 Tunc
1696 647 1784 693 vero
1801 625 1838 693 in
1863 625 1988 696 alienis
2013 629 2117 700 terris

91 733 258 813 navium,
283 728 376 823 (Str.
394 729 472 822 10.)
495 739 536 796 ut
553 726 750 816 effugerent
772 738 911 796 motum
938 725 1080 816 insupe·
1131 718 1340 795 inchoatum
1359 738 1412 797 est
1425 724 1509 795 felix
1526 749 1636 817 genus
1653 741 1823 799 vestrum.
1862 726 1954 799 Nam
1969 726 2116 821 Euphe-

90 835 252 905 rabilem.
305 831 421 901 Erant
442 840 561 899 autem
578 829 669 897 duae
695 828 797 897 vivae
820 840 961 919 petrae,
988 849 1079 920 quae
1130 849 1211 895 mus
1226 825 1276 894 ibi
1293 851 1335 898 ex
1349 823 1515 898 Malacha
1533 828 1657 918 genuit
1669 829 1801 913 filium,
1821 853 1841 897 a
1858 853 1931 924 quo
1948 830 2121 926 deinceps

90 935 238 1008 celerius
252 934 494 1004 movebantur
511 953 619 1024 quam
635 930 745 999 venti.
1132 925 1202 995 orti
1223 941 1307 997 sunt
1329 929 1409 1012 alii,
1450 942 1486 998 et
1516 931 1619 1000 mixti
1636 930 1947 1003 Lacedaemoniis:
1990 947 2117 1026 postea

191 1037 263 1108 Sed
284 1037 357 1104 iam
382 1032 564 1125 navigatio
579 1031 871 1121 Argonautarum
892 1029 975 1098 iecit
999 1028 1079 1098 illos
1131 1028 1332 1120 migrarunt
1353 1031 1391 1099 in
1416 1031 1568 1102 insulam
1591 1030 1768 1114 Theram,
1804 1034 1860 1104 cui
1890 1035 1959 1104 fuit
1980 1038 2120 1107 nomen

90 1139 256 1231 scopulos
279 1133 708 1208 consistereimmobiles.
759 1130 900 1199 Deinde
924 1125 1078 1199 adPho·
1131 1129 1288 1205 Calliste.
1355 1130 1442 1202 lude
1470 1132 1571 1205 vobis
1593 1136 1691 1205 dedit
1710 1135 1841 1228 Apollo
1867 1158 2033 1229 campum
2054 1136 2116 1208 Li·

91 1242 147 1311 sin
162 1250 405 1319 accesserunt,
438 1237 500 1307 ubi
514 1235 691 1305 terribiles
706 1229 857 1303 Colchos
871 1232 907 1299 vi
924 1232 1078 1323 aggressi
1129 1233 1232 1325 hyac,
1259 1232 1379 1305 etDeo
1395 1235 1540 1306 iuvante
1557 1261 1685 1329 augere
1703 1251 1738 1307 et
1752 1260 1874 1328 regere
1883 1236 2045 1330 Cyrenen
2055 1239 2115 1359 ¹¹),

92 1354 176 1413 sunt
199 1344 294 1432 apud
313 1340 474 1410 Aeetam.
533 1337 655 1408 Venus
678 1348 798 1406 autem
821 1335 941 1403 attulit
962 1346 1078 1403 mota-
1130 1330 1230 1424 (Ant.
1248 1337 1324 1428 11.)
1350 1350 1540 1431 postquam
1558 1340 1744 1411 invenistis
1760 1352 1926 1411 eventum
1942 1341 2114 1417 vaticinri.

92 1442 210 1513 cillam
227 1443 271 1511 de
287 1443 404 1523 coelo,
430 1440 604 1511 inclusam
628 1451 730 1508 rotae
750 1432 898 1506 habenti
921 1449 1078 1531 quatuor
1101 1455 1107 1489 ⁰
1229 1438 1327 1509 Audi
1341 1463 1437 1510 nunc
1453 1438 1584 1532 Oedipi
1597 1442 1822 1534 sapientiam.
1844 1441 1901 1513 ·Si
1916 1443 1995 1538 quis
2010 1457 2116 1514 acuta

91 1544 232 1627 radios,
258 1540 358 1636 (Ant.
377 1543 454 1639 10.)
480 1540 762 1622 fascinatricem,
794 1552 829 1609 et
849 1538 972 1608 docuit
983 1535 1078 1609 Iaso·
1129 1540 1243 1610 securi
1265 1565 1416 1632 magnac
1442 1567 1592 1636 quercus
1612 1568 1732 1614 ramos
1756 1555 1936 1635 amputet,
1975 1559 2011 1615 et
2035 1547 2114 1638 pul·

91 1670 174 1715 nem
196 1644 473 1726 incantationes,
498 1657 539 1715 ut
552 1643 702 1713 Medeae
725 1641 895 1711 eximeret
913 1664 1078 1710 reveren·
1129 1637 1252 1711 chram
1267 1644 1419 1734 speciem
1437 1644 1512 1715 eius
1526 1646 1718 1728 deformet,
1744 1669 1962 1740 quamquam
1978 1650 2113 1719 lructus

91 1748 179 1818 tiarn
205 1759 416 1839 parentum,
449 1759 484 1815 et
505 1747 658 1839 expetita
676 1744 828 1815 Graecia
854 1768 931 1813 eam
958 1742 1078 1813 incen·
1130 1744 1267 1826 amisit,
1308 1758 1428 1815 tamen
1458 1747 1537 1817 usui
1567 1770 1641 1818 esse
1670 1759 1788 1838 potest
1814 1746 1870 1815 vel
1890 1747 1928 1814 in
1950 1743 2112 1841 hyberno

91 1872 168 1920 sam
195 1846 427 1940 persuasione
458 1860 625 1918 verteret.
690 1848 742 1916 Ac
766 1846 893 1916 Medea
917 1845 1078 1916 celeriter
1129 1850 1228 1939 igne,
1263 1849 1320 1916 vel
1344 1873 1425 1918 cum
1448 1848 1488 1916 fit
1508 1849 1618 1918 limen
1642 1849 1770 1919 fultum
1791 1848 1966 1920 columnis
1987 1851 2112 1921 relicto

90 1951 178 2020 lines
199 1961 435 2042 paternorum
456 1950 691 2020 certaminum
719 1948 893 2031 ostendit,
936 1960 971 2018 et
997 1949 1077 2017 oleo
1129 1949 1206 2019 solo
1221 1974 1297 2021 suo.
1350 1949 1430 2043 (Ep.
1450 1950 1527 2046 12.)
1552 1949 1600 2020 Es
1618 1963 1736 2020 autem
1760 1950 1919 2021 medicus
1941 1964 2114 2043 opportu-

91 2052 243 2122 miscens
254 2053 412 2122 remedia
427 2053 593 2124 dolorum
612 2053 728 2134 dedit,
761 2065 801 2121 ut
816 2063 1009 2141 ungeretur
1024 2048 1077 2119 la·
1128 2051 1313 2134 nissimus,
1339 2064 1374 2120 et
1394 2053 1525 2143 Apollo
1551 2065 1585 2122 te
1614 2048 1782 2124 honorat.
1834 2053 1990 2145 Oportet
2011 2054 2114 2125 molli

91 2178 176 2224 son:
204 2166 239 2223 et
252 2154 347 2245 pacti
360 2168 443 2225 sunt
461 2155 555 2225 iuter
569 2179 644 2226 sese
660 2155 815 2246 nuptias.
1128 2177 1238 2223 manu
1263 2156 1429 2236 admota,
1466 2155 1614 2225 vulnera
1637 2155 1765 2225 ulceris
1788 2178 1928 2228 sanare.
1992 2155 2112 2229 Facile

192 2256 275 2349 (Bp.
296 2256 372 2351 10.)
406 2256 496 2326 Cum
523 2257 631 2348 igitur
652 2257 780 2325 Aeetes
802 2254 1075 2322 adamantinum
1128 2268 1181 2326 est
1201 2256 1297 2326 enim
1321 2255 1501 2326 civitatem
1519 2271 1708 2328 concutere
1735 2258 1844 2327 etiam
1860 2257 2113 2340 imbecillibus;

91 2370 250 2428 aratrum
280 2358 318 2424 in
348 2359 505 2426 medium
537 2358 743 2438 collocavit,
779 2369 815 2425 et
837 2368 978 2437 tauros,
1014 2355 1076 2447 qui
1127 2360 1189 2427 sed
1205 2382 1328 2429 rursus
1344 2358 1519 2430 collocare
1535 2360 1573 2429 in
1597 2383 1698 2431 suam
1719 2361 1861 2444 sedem,
1893 2360 2036 2431 difficile
2060 2371 2129 2433 est'

88 2460 254 2530 flammas
268 2480 288 2525 a
304 2457 406 2528 flavis
423 2460 568 2529 naribus
581 2460 785 2548 spirabant,
813 2469 848 2525 et
872 2456 990 2526 aeneis
1009 2479 1076 2524 un·
1127 2457 1264 2539 subito,
1288 2458 1356 2527 nisi
1372 2459 1470 2530 Deus
1487 2461 1533 2531 sit
1545 2463 1763 2552 gubernator
1776 2461 1993 2554 principum.
2039 2458 2113 2532 Ista

90 2560 183 2652 gulis
204 2571 337 2626 terram
362 2560 531 2643 arabant,
557 2562 652 2631 solus
674 2560 723 2629 eis
748 2559 869 2650 iugum
893 2557 1076 2650 imposuit,
1127 2570 1245 2629 autem
1280 2559 1346 2629 tibi
1378 2555 1539 2632 Charites
1573 2576 1708 2634 texunt.
1782 2561 1967 2634 Sustinens
2001 2563 2112 2654 igitur

90 2674 127 2732 et
142 2671 258 2730 rectos
274 2662 388 2731 sulcos
408 2663 558 2745 iaciens,
592 2686 653 2732 eos
675 2661 766 2752 egit,
800 2673 836 2730 et
857 2660 969 2731 secuit
992 2661 1075 2729 dor·
1126 2685 1270 2731 ornnem
1288 2684 1409 2731 curam
1428 2661 1521 2731 circa
1538 2663 1721 2754 Cyrenen,
1748 2663 1839 2758 (sa.
1856 2662 1933 2755 18.)
1950 2658 2018 2732 hoc
2034 2662 2111 2733 llo·

87 2778 168 2834 sum
185 2775 303 2831 terrae
319 2765 474 2834 sulcatae
489 2746 752 2856 per‘iugerum3
779 2775 815 2832 et
828 2763 917 2832 dixit
928 2763 1072 2833 Aeetes:
1125 2764 1297 2835 mericum
1320 2765 1427 2833 etiam
1453 2764 1613 2856 cogitans
1636 2759 1725 2833 mihi
1749 2763 1953 2868 concedito,
1988 2763 2110 2862 qui¹⁸)

88 2862 166 2933 Hoc
195 2864 225 2933 si
254 2865 376 2934 fecerit
396 2864 521 2949 lason,
563 2869 703 2937 auferat
727 2865 818 2960 (Str.
836 2865 914 2958 11.)
943 2866 1072 2960 pellem
1124 2866 1194 2937 ait:
1220 2865 1344 2936 Bonus
1360 2866 1508 2936 nuntius
1522 2860 1698 2935 honorem
1724 2889 1894 2956 magnum
1920 2865 2024 2936 affert
2047 2891 2109 2937 ne·
2143 2920 2147 2925 -

88 2963 279 3037 habentem
300 2988 426 3040 aureas
443 2970 612 3040 fimbrias.
1124 2968 1234 3060 gotio.
1286 2968 1420 3040 Crescit
1432 2967 1535 3038 Musa
1553 2993 1617 3059 per
1632 2969 1768 3038 bonum
1785 2980 1933 3040 vatem..

189 3069 285 3137 llaec
320 3095 400 3140 cum
430 3072 572 3142 dixisset
602 3097 665 3140 rex
693 3068 898 3152 Colchicus,
945 3067 1074 3138 abiecit
1224 3070 1336 3141 Novit
1351 3071 1488 3164 Cyrene
1502 3083 1536 3139 et
1550 3071 1649 3139 Batti
1662 3072 1791 3140 domus
1805 3068 1935 3149 iustam
1950 3081 2124 3139 mentem.

88 3194 249 3242 croceam
266 3185 399 3242 vestem
415 3171 538 3258 lason,
566 3174 687 3243 etDeo
706 3176 906 3255 confidens,
933 3181 1071 3263 aggres-
1121 3168 1349 3265 Demophili,
1389 3173 1451 3267 qui
1483 3184 1536 3242 est
1565 3172 1659 3241 inter
1689 3172 1848 3242 iuniores
1879 3166 2037 3255 iuvenis',
2069 3170 2107 3238 in

87 3300 146 3346 sus
164 3286 215 3344 est
232 3299 339 3366 opus;
360 3300 426 3344 nec
441 3277 533 3368 ignis
550 3302 630 3346 eum
648 3278 835 3359 turbabat,
862 3274 945 3369 quia
963 3283 1071 3342 norat
1123 3274 1278 3373 consiliis
1299 3298 1384 3344 vero
1409 3298 1536 3355 senex,
1570 3287 1610 3344 ut
1633 3297 1699 3364 par
1722 3271 1767 3345 sit
1789 3272 1842 3355 ei,
1875 3271 1939 3366 qui
1964 3284 2107 3342 centum

85 3389 274 3469 praecepta
307 3376 467 3450 Medeae.
546 3374 710 3449 Trahcus
744 3390 863 3448 autem
897 3388 1070 3457 aratrum,
1122 3402 1236 3449 annos
1257 3377 1356 3448 vixit.
1424 3376 1575 3467 Separat
1595 3373 1882 3445 maledicentiam
1908 3397 1929 3443 a
1954 3374 2107 3444 candida

85 3480 210 3570 ligavit
224 3479 316 3549 colla
337 3481 445 3551 boum
471 3497 592 3552 coacta
617 3482 724 3564 loris,
755 3494 791 3551 et
810 3481 961 3570 infigens
983 3477 1070 3545 vali-
1123 3505 1208 3551 voce
1223 3504 1305 3558 enac
1332 3478 1456 3549 didicit
1475 3478 1591 3549 odisse
1614 3478 1784 3561 iniustos,
1818 3475 1920 3569 (aas.
1939 3477 2016 3570 18.)
2041 3498 2107 3546 nec

85 3583 172 3652 dum
195 3582 380 3653 stimulum
403 3586 542 3675 magnis
565 3586 752 3666 lateribus,
784 3584 902 3652 aravit
921 3582 1070 3650 manda·
1094 3656 1097 3681 Ι
1121 3584 1236 3672 litigat
1251 3608 1331 3653 cum
1348 3581 1469 3651 bonis:
1495 3604 1571 3650 non
1589 3593 1641 3652 est
1657 3590 1841 3661 contator,
1868 3578 1953 3670 quia
1972 3601 2105 3668 oppor-

83 3698 163 3755 tum
186 3684 353 3775 spatium.
417 3687 563 3757 Gemuit
582 3712 645 3757 rex
668 3681 854 3756 Colchicus
874 3684 983 3754 tacito
1007 3685 1070 3752 do·
1121 3686 1254 3755 tunitas
1284 3686 1381 3776 apud
1407 3680 1573 3755 homines
1603 3707 1679 3752 non
1704 3678 1822 3751 habet'
1843 3680 1951 3769 longa
1977 3678 2104 3768 spatia.

82 3789 181 3865 lore,
212 3785 382 3855 virtutem
409 3789 478 3856 viri
502 3789 694 3859 admirans.
754 3786 854 3881 (Ant.
873 3788 949 3881 11.)
974 3783 1069 3855 Socii
1120 3788 1222 3857 Hanc
1243 3786 1478 3869 redonavit,
1512 3799 1547 3854 ct
1569 3786 1731 3880 sequitur
1750 3797 1793 3854 ut
1812 3780 1996 3863 minister,
2028 3802 2105 3851 non

84 3899 208 3956 autem
225 3886 305 3955 viro
320 3887 408 3955 forti
427 3911 556 3961 manus
578 3890 831 3982 porrigebant,
866 3902 902 3958 et
927 3887 1069 3958 coronis
1121 3904 1161 3961 ut
1175 3891 1328 3981 fugator.
1379 3887 1493 3961 Aiunt
1512 3900 1629 3967 autem
1652 3887 1751 3958 triste
1775 3880 1844 3954 hoc
1870 3907 1959 3954 esse:
1992 3878 2104 3953 scien·

82 3986 269 4060 herbaceis
293 3992 521 4060 coronabant·
536 4016 637 4084 eum,
675 4003 711 4059 et
733 3990 873 4061 blandis
896 3989 1068 4062 sermoni·
1120 4006 1192 4063 tem
1215 3994 1331 4076 bona,
1369 3992 1419 4062 eis
1442 3991 1514 4062 frui
1542 4016 1617 4061 non
1644 4013 1758 4082 posse.
1824 3984 1876 4056 Ut
1896 3985 1997 4056 Atlas
2023 4008 2104 4054 curn

81 4093 153 4163 bus
167 4115 248 4162 eum
270 4093 490 4164 recreabant.
1121 4096 1220 4164 coelo
1250 4096 1423 4176 luctatur,
1465 4095 1591 4184 procul
1618 4118 1637 4161 a
1667 4091 1785 4184 patria
1807 4103 1901 4159 terra
1929 4101 1965 4157 et
1989 4110 2009 4155 a
2032 4086 2104 4158 suis

90 4218 94 4225 ·
186 4191 286 4264 Dixit
301 4207 421 4264 autem
443 4220 505 4266 rex
521 4191 726 4278 Colchicus,
759 4194 821 4265 ubi
842 4193 1069 4284 splendidum
1120 4198 1237 4269 rebus.
1279 4195 1394 4265 Solvit
1409 4207 1527 4264 autern
1542 4206 1578 4263 et
1593 4193 1743 4264 Titanas
1758 4189 1903 4283 Iupiter.
1945 4189 2103 4281 Tempus

80 4297 196 4369 vellus
224 4298 458 4388 suspenderat
489 4294 662 4377 Phrixus;
704 4297 929 4367 existimabat
961 4295 1069 4377 enim,
1121 4300 1225 4368 affert
1264 4296 1481 4366 mutationes
1519 4296 1708 4376 velorum,
1756 4305 1911 4365 cessante
1945 4293 2100 4363 secundo

83 4426 167 4471 eum
184 4424 259 4469 non
274 4424 377 4491 posse
395 4401 548 4486 auferre,
575 4401 658 4495 quia
675 4400 814 4469 iacebat
828 4400 866 4468 in
878 4398 982 4480 saltu,
1008 4397 1070 4468 ubi
1122 4413 1240 4472 vento.
1282 4401 1361 4495 (Ep.
1383 4398 1460 4495 18.)
1485 4398 1574 4468 Post
1588 4395 1827 4489 perniciosum
1840 4395 2007 4477 morbum
2023 4408 2101 4464 tan-

85 4499 404 4574 vehementissimis
445 4505 544 4595 genis
586 4503 750 4573 draconis
786 4501 1068 4583 custodiebatur,
1120 4508 1201 4576 dem
1219 4517 1320 4596 optat
1336 4503 1491 4573 reditum
1507 4496 1765 4593 Demophilus,
1796 4510 1831 4566 et
1851 4497 1897 4568 ad
1911 4497 2002 4568 Solis
2023 4497 2102 4566 lon-

85 4607 147 4700 qui
163 4605 387 4697 longitudine
406 4619 439 4674 et
453 4607 640 4677 latitudine
662 4605 784 4674 navim
809 4603 1068 4699 quinquaginta
1120 4621 1191 4679 tem
1209 4630 1333 4677 curare
1356 4603 1539 4687 convivia,
1566 4616 1660 4674 etse
1683 4597 1900 4689 exhilarare,
1933 4612 1969 4669 et
1992 4593 2101 4667 citha·

83 4732 268 4778 remorum
285 4720 494 4799 occuparet,
522 4733 613 4805 quae
628 4709 724 4778 ferro
739 4709 911 4776 fabricata
928 4717 1029 4776 esset.
1120 4736 1196 4780 ram
1216 4710 1309 4780 inter
1332 4708 1425 4778 cives
1447 4707 1485 4776 in
1507 4730 1595 4797 pace
1618 4719 1783 4796 tangere3
1815 4717 1851 4774 et
1870 4725 1936 4771 uec
1960 4702 2100 4770 laedere

187 4808 268 4903 (Bp.
287 4807 364 4906 11.)
390 4809 555 4903 Longum
572 4807 663 4879 mihi
678 4822 729 4881 est
747 4810 864 4879 redire
884 4833 950 4901 per
972 4808 1067 4876 viam
1121 4814 1228 4896 alios,
1255 4836 1319 4881 nec
1341 4810 1437 4880 laedi
1460 4834 1479 4879 a
1503 4809 1654 4888 civibus;
1689 4821 1726 4877 et
1747 4828 1894 4875 narrare
1908 4802 2102 4885 Arcesilan,

81 4935 274 4996 Ulmum,
314 4937 355 4982 ἃ(
378 4926 518 5007 tempus
544 4927 657 5004 urget.
720 4913 815 4985 Novi
842 4912 1007 5006 equidem
1034 4921 1069 4978 et
1121 4916 1261 5010 qualem
1279 4916 1414 4983 fontem
1431 4911 1630 4982 carminum
1644 4910 1837 5003 repererit,
1863 4907 1996 4977 cumin
2013 4905 2101 4974 urbe

80 5015 229 5089 brevem
247 5016 365 5098 nom,
390 5031 426 5087 et
449 5017 528 5087 aliis
548 5042 628 5087 sum
653 5017 780 5086 doctor
797 5011 908 5086 huius
929 5012 1069 5105 sapien·
1121 5015 1294 5089 Thebana
1312 5012 1442 5106 hospes
1459 5015 1537 5087 fuit.

83 5117 169 5184 tiae.
218 5115 398 5190 lnterfecit
418 5119 523 5190 lason
546 5132 622 5188 arte
645 5121 861 5199 draconem,
894 5141 917 5186 o
931 5113 1069 5187 Arcesi-

83 5219 163 5337 lae,
186 5229 224 5285 et
237 5219 329 5335 clam
346 5222 678 5308 abduxitMedeam,
693 5219 930 5315 quaePrliam
945 5229 1068 5337 postea
1126 5334 1129 5339 ι
1156 5274 1202 5341 ¹2)
1221 5270 1367 5338 cyrenen]
1386 5267 1426 5318 stc
1444 5268 1470 5319 g·
1485 5265 1501 5315 Ι,
1520 5266 1550 5314 0,
1562 5261 1589 5312 ᾗ,
1607 5274 1682 5324 „44
1698 5258 1855 5318 na.1nse.;
1881 5256 1931 5311 gg
1945 5256 2022 5311 mg,
2041 5255 2101 5317 ⁰5·

83 5318 275 5391 mtersecrt.
314 5324 388 5407 ¹Et
406 5328 445 5396 in
466 5325 612 5396 Oceano
635 5339 672 5395 et
694 5325 732 5393 in
765 5324 876 5395 rubro
899 5344 992 5392 marr
1015 5320 1069 5388 su·
1187 5356 1289 5395 censu.

78 5433 208 5507 erunt,
235 5433 271 5491 et
294 5421 330 5490 in
354 5441 458 5519 gente
472 5427 706 5499 Lemniorum
730 5427 943 5507 mulierum,
977 5444 1068 5520 ottae
1110 5472 1115 5482 ·
1156 5442 1281 5507 tastu]
1299 5430 1687 5573 sicae.tto0·;1ss51·¹⁶⁶³·
1706 5428 1777 5490 ³⁸¹⁸·

127 5540 308 5604 acrama.
325 5543 432 5609 Orsa.
462 5544 547 5609 Vor..
563 5543 652 5606 xlx.
