4784 6256
173 306 254 385 „a
479 295 482 299 ’
758 293 882 368 eun.
914 293 1029 368 unu
1059 292 1264 367 scunra
1293 292 1629 369 ruuosoorcu
2141 236 2224 382 aaa

180 508 204 554 ἃ
219 474 409 573 Μγᾱῃῦ),
436 471 499 567 qui
513 467 698 561 respondit
711 466 952 558 interrogatus
967 466 1011 535 de
1026 482 1169 540 sonmo
1222 464 1290 536 nis.
1338 467 1533 538 Possumus
1550 479 1669 537 autem
1685 469 1732 536 ad
1747 479 1912 539 nostrum
1926 495 2033 543 usum
2045 472 2216 568 inprimis

178 588 299 666 hono,
326 575 503 668 optimum
521 588 595 642 esse
609 567 751 640 homini
771 591 847 639 non
869 567 989 650 nasci,
1022 580 1087 637 aut
1105 563 1172 653 us·
1222 569 1332 638 multa
1360 592 1404 638 ex
1425 582 1501 639 tam
1522 569 1632 640 variis
1660 571 1846 641 sententiis
1878 576 2091 661 transferre,
2131 606 2213 652 cum

179 700 259 758 tum
275 703 384 777 quam
402 673 586 745 celerrime
601 672 707 756 niori,
732 671 794 741 sed
809 681 1087 740 consentaneum
1106 679 1171 753 est,
1221 669 1289 762 ipsi
1306 668 1423 765 aut⁸⁸)
1438 671 1628 743 laudamus
1642 672 1822 757 eruditos,
1847 687 1910 743 aut
1931 679 2138 753 deriderunt
2160 685 2214 755 in-

181 786 295 860 Sileni
309 778 586 872 appellationem
603 786 781 866 sumptam
799 796 874 843 esse
890 796 932 841 ex
943 771 1081 842 Graeca
1096 785 1171 840 tra-
1221 784 1341 863 eptos,
1367 785 1429 842 aut
1446 773 1607 856 invidos,
1632 787 1674 843 ut
1689 769 1748 844 hic
1769 775 2000 864 deridentur,
2035 806 2117 854 curu
2145 786 2210 859 ait:

183 888 309 983 goedia
331 878 535 973 Euripidis,
572 878 672 947 cuius
693 900 801 968 supra
823 874 960 944 mentio
984 875 1078 942 facta
1106 885 1170 944 est.
1193 875 1198 950 Ι
1224 873 1301 966 (Vs.
1317 873 1397 969 26.)
1427 878 1563 946 lusidio
1585 888 1848 966 muneraret
1870 881 1933 952 ib'rr
1955 885 2090 956 Codro·
2133 887 2211 959 Mr-

182 993 236 1061 Ac
256 982 347 1056 mihi
373 980 547 1073 cogitanti
568 980 612 1049 de
636 978 777 1061 Sileno,
816 974 1022 1046 consiliario
1044 973 1171 1067 Cyclo-
1222 996 1329 1066 gnam
1352 989 1472 1046 autem
1495 976 1647 1068 gratiam
1673 974 1807 1049 habent
1832 976 1901 1051 hae
1922 986 2035 1056 salsae
2062 989 2208 1080 figurae.

179 1087 314 1186 pis“),
342 1086 400 1155 cui
416 1084 559 1177 Ulysses
583 1084 678 1173 apud
692 1080 892 1149 Homerum
915 1078 1062 1148 unicum
1086 1100 1171 1146 ocu-
1220 1077 1285 1149 Est
1298 1092 1334 1147 et
1347 1079 1440 1147 bella
1464 1080 1656 1171 descriptio
1678 1084 1830 1172 superbe
1855 1095 2137 1174 contemnentis,
2170 1107 2210 1165 ut

180 1197 278 1274 lum,
305 1210 412 1282 quem
426 1187 465 1254 iu
481 1187 600 1253 fronte
621 1180 812 1264 habuerat,
843 1179 1040 1274 effodirss),
1071 1178 1172 1249 venit
1221 1180 1251 1251 si
1266 1181 1401 1249 dicam:
1428 1177 1588 1272 improbi
1604 1195 1743 1253 tantum
1759 1200 1887 1255 curant
1903 1189 1998 1280 leges
2015 1204 2050 1262 et
2066 1194 2209 1286 religio·

181 1297 223 1365 in
242 1304 402 1362 mentem
427 1286 697 1356 venustissimae
722 1284 916 1365 orationis,
956 1305 1049 1376 quae
1073 1283 1170 1373 apud
1221 1307 1324 1365 nem,
1352 1282 1446 1374 (Vss.
1462 1280 1508 1354 51
1526 1281 1595 1377 sq.)
1619 1298 1781 1378 quantum
1803 1312 1982 1363 nnmerum
1999 1296 2117 1384 lupus,
2150 1310 2209 1369 ere

180 1396 391 1490 Oppianum
407 1401 503 1460 extat
523 1387 563 1454 in
585 1387 678 1455 libro
701 1389 745 1456 de
767 1386 986 1478 piscatione,
1019 1386 1062 1452 de
1091 1395 1169 1453 ceto
1220 1389 1387 1456 torreretur
1404 1386 1549 1474 flumina
1572 1391 1679 1476 ripas.
1745 1389 1909 1485 Utraque
1931 1393 2129 1468 similitudo
2156 1412 2207 1470 est

180 1491 460 1588 etmusculow).
506 1490 822 1582 Quemadmodum
840 1489 937 1557 enim
953 1498 1050 1556 cetus
1066 1509 1170 1555 mon·
1221 1487 1422 1578 aptissima:
1457 1488 1546 1557 Mali
1561 1506 1798 1583 perrumpunt
1811 1494 1929 1584 leges,
1950 1497 2043 1571 sicut
2056 1499 2205 1571 llnmins

181 1614 295 1674 strum
319 1594 565 1674 horrendum,
591 1592 716 1682 ingens
742 1603 779 1659 et
799 1590 976 1672 immane,
1008 1588 1170 1683 sequitur
1220 1590 1491 1660 intumescentia
1515 1604 1613 1660 extra
1636 1592 1734 1684 ripas
1756 1611 1962 1688 erumpunt.
2012 1597 2150 1673 lndocti
2169 1616 2206 1673 et

180 1706 327 1774 ductum
359 1712 395 1767 et
427 1693 586 1786 auspicia
613 1693 718 1783 parvi
745 1691 871 1783 piscis,
912 1715 1019 1786 quem
1047 1688 1170 1759 Latini
1221 1691 1343 1784 cupidi
1375 1687 1489 1761 nihilo
1524 1694 1637 1784 pluris
1666 1697 1801 1767 faciunt
1835 1700 1999 1770 ordinem
2033 1718 2071 1773 et
2101 1705 2207 1796 leges,

180 1804 383 1877 musculum
399 1797 597 1890 appellant:
625 1795 674 1862 ita
692 1793 730 1862 in
747 1795 837 1863 aulis
861 1793 1073 1887 plerumque
1093 1815 1187 1887 ma·¹
1220 1818 1329 1888 quam
1343 1795 1448 1884 lupus
1463 1819 1655 1866 numerum
1671 1799 1806 1871 ovium.
1847 1800 2049 1873 Hocmodo
2065 1820 2207 1879 accom-

181 1911 244 2000 gni
265 1929 366 1995 reges
391 1912 427 1970 et
450 1897 629 1991 principes
650 1920 726 1966 non
750 1895 823 1966 suis
849 1895 1005 1967 consiliis
1034 1895 1169 1964 obtem·
1211 1898 1369 1966 ‘modare
1386 1897 1563 1968 discamus
1579 1894 1643 1969 bas
1658 1900 1801 1990 figuras.
1850 1902 1945 1972 Haec
1959 1905 2145 1996 diligentia
2169 1922 2205 1978 et

180 2019 330 2103 perant,
354 2005 415 2075 sed
429 2013 604 2093 reguntur
627 2001 673 2068 ab
694 1999 815 2091 aliquo
837 1997 995 2089 parasito
1017 2011 1053 2066 et
1074 2010 1169 2066 vete·
1219 1998 1390 2069 iudicium
1404 2000 1538 2070 format
1555 2013 1592 2070 et
1607 2002 1669 2070 alit
1687 2003 1829 2094 copiam
1846 2005 2027 2077 orationis.

178 2123 304 2182 ratore
326 2107 462 2188 aulico,
496 2102 559 2197 qui
579 2101 692 2171 doctis
714 2101 807 2171 dolis
827 2113 863 2168 et
884 2098 1006 2168 facetis
1025 2099 1168 2168 fabricis
1582 2169 1590 2187 ‚
1710 2173 1718 2189 ,

179 2211 242 2306 (ut
258 2209 380 2281 Plauti
395 2206 514 2276 verbis
530 2204 631 2299 utar)
647 2205 870 2294 glaucumam
888 2203 934 2270 ob
957 2201 1080 2271 oculos
1104 2202 1168 2270 ob-
1351 2196 1353 2203 ’
1518 2171 1654 2243 Almd
1680 2174 1893 2246 ⁰¹⁰⁵dem·

180 2315 259 2384 iicit
272 2309 448 2405 principi,
472 2320 532 2389 ut,
559 2307 656 2400 quod
671 2305 788 2389 videt,
812 2327 888 2373 non
902 2303 1033 2372 videat.
1077 2301 1169 2373 Nar·
1320 2304 1562 2399 llaecEcloga
1586 2311 1725 2402 generis
1739 2300 1791 2383 est
1811 2312 2000 2384 iudicialis.
2052 2312 2200 2383 Certant

181 2430 240 2487 rat
258 2415 365 2485 etiam
384 2409 591 2502 Oppianus,
617 2404 686 2477 hoc
708 2420 849 2476 tantum
875 2418 910 2474 et
932 2417 1006 2474 tam
1027 2416 1167 2496 vastum
1220 2405 1315 2475 enirn
1333 2410 1405 2478 duo
1426 2408 1521 2480 iuter
1543 2437 1579 2482 se
1601 2414 1820 2485 carminibus
1842 2417 1886 2485 de
1911 2414 2059 2485 victoris
2081 2427 2202 2506 pasto·

182 2530 384 2590 monstrum
408 2534 484 2582 non
506 2513 545 2578 in
567 2510 803 2605 longinquum
837 2507 1062 2599 prospicere,
1106 2507 1167 2576 sed
1220 2531 1288 2601 res.
1339 2510 1491 2582 Videtur
1508 2527 1626 2584 autem
1642 2513 1701 2587 hic
1716 2530 1823 2609 poeta
1840 2518 2002 2588 aemulos
2016 2541 2097 2589 suos
2118 2539 2202 2587 exn-

181 2621 259 2701 visu
274 2641 351 2690 esse
365 2615 561 2685 admodum
578 2608 719 2696 hebeti,
744 2634 896 2705 eamque
910 2611 956 2678 ob
972 2630 1115 2679 causam
1135 2608 1169 2678 ei
1219 2611 1332 2702 gitare
1356 2615 1528 2700 voluisse,
1566 2643 1646 2688 cum
1670 2619 1899 2714 Corydonem
1924 2621 2065 2693 vincere
2090 2618 2202 2709 lingit.

168 2718 272 2814 'opus
287 2743 361 2791 esse
378 2717 496 2788 alieno
512 2718 639 2799 ductu,
672 2728 707 2784 et
727 2714 846 2797 addit,
880 2723 984 2804 capto
1006 2710 1168 2782 musculo
1218 2711 1283 2785 Est
1307 2729 1426 2786 autem
1452 2719 1577 2811 copiae
1599 2724 1822 2814 exemplum,
1866 2722 2098 2817 consistitque
2127 2732 2205 2790 tots

121 2884 133 2903 ,
174 2826 329 2895 ductore
351 2821 454 2890 facile
482 2816 641 2910 opprimi
661 2841 764 2909 posse
787 2816 904 2908 ipsunt
929 2826 1058 2885 cetum.
1115 2809 1167 2882 lta
1218 2815 1349 2908 Ecloga
1380 2819 1419 2888 in
1448 2835 1621 2913 perpetua
1646 2820 1812 2894 antithesi
1836 2826 2003 2917 quadam.
2062 2822 2206 2892 Princi-

179 2922 284 2998 multi
307 2924 487 3016 principes
509 2916 601 2989 nihil
620 2916 755 2989 habent
781 2916 921 2988 consilii
949 2928 984 2985 et
1012 2916 1169 3007 pruden·
1218 2919 1318 3008 pium
1338 2935 1520 3014 sumptum
1536 2937 1588 2995 est
1602 2949 1644 2994 ex
1663 2923 1719 2995 Vl.
1739 2922 1867 3016 ldyllio
1883 2920 2077 2994 Theocriti.
2127 2922 2206 2995 Per

180 3028 265 3112 tiae,
281 3029 345 3097 sed
359 3038 498 3095 tantum
513 3035 597 3092 sunt
610 3022 718 3091 tibiae
735 3019 853 3090 alieno
871 3019 1001 3111 spiritu
1010 3018 1167 3101 inflatae,
1219 3019 1448 3116 Corydonem
1471 3027 1548 3096 sine
1571 3027 1680 3096 dubio
1703 3026 1869 3118 intelligit
1889 3025 2100 3116 Virgilium,
2135 3048 2207 3115 per

179 3154 224 3200 ac
238 3127 343 3199 tacte
359 3124 688 3196 circumveniuntur
715 3122 881 3193 inescatis
900 3121 1001 3214 prius
1027 3145 1068 3190 ac
1089 3144 1167 3189 cor·
1219 3119 1377 3217 Thyrsin
1405 3154 1492 3198 vero
1523 3129 1700 3199 aemulum
1732 3131 1914 3224 quendam
1936 3128 2122 3199 Maeviurn
2147 3127 2203 3197 vel

177 3230 296 3318 ruptis
313 3226 466 3319 pecunia
482 3224 648 3315 parasitis
665 3223 800 3295 aulicis.
857 3222 960 3291 Hanc
974 3221 1166 3314 imaginem
1218 3226 1416 3314 Auserum,
1440 3234 1484 3301 de
1504 3256 1575 3327 qun
1591 3244 1713 3325 postea
1728 3233 1909 3326 loquetur.

151 3329 467 3421 -contemplentur
482 3324 651 3408 studiosi,
676 3324 816 3419 quoties
838 3323 1083 3393 confusionem
1106 3347 1168 3397 au·

180 3433 298 3503 larum
312 3454 387 3503 non
403 3429 478 3501 sine
495 3428 630 3519 gemitu
645 3441 680 3498 et
694 3422 888 3518 lachrymis
905 3423 1116 3517 adspiciunt.
1522 3397 1660 3471 Aliud
1687 3397 1900 3471 eiusdem·

1322 3531 1492 3603 Continet
1505 3535 1656 3628 septima
1664 3534 1796 3626 Ecloga
1808 3546 1990 3605 certarnen
2002 3545 2200 3625 pastorum,

510 3664 719 3774 moga
747 3661 845 3745 vu.
1220 3657 1292 3727 qno
1309 3635 1451 3707 videtur
1465 3650 1572 3728 poeta
1586 3637 1739 3710 voluisse
1759 3637 1938 3728 exagitare
1950 3661 2054 3709 suum
2079 3657 2200 3705 aemu-

571 3815 580 3831 ‚
751 3811 760 3828 ‚
1218 3736 1311 3820 lum,
1345 3763 1426 3808 curn
1447 3764 1485 3810 se
1501 3739 1748 3834 Corydonem,
1782 3741 1882 3809 illum
1898 3735 2056 3832 Thyrsin
2077 3738 2198 3827 finget.

216 3819 541 3911 Argumentum
569 3838 614 3881 ¹¹¹
641 3825 881 3903 ⁸⁰P¹¹¹¹¹³¹¹¹
909 3808 1133 3902 E⁰l⁰3³¹¹¹0
1218 3839 1335 3908 Porro
1369 3835 1428 3911 hic
1457 3843 1699 3914 observandae
1718 3856 1801 3927 sunt
1825 3844 1971 3912 crebrae
1998 3833 2199 3920 antitheses,

285 3965 447 4057 septim.
466 3962 598 4052 Eeloga
628 3961 810 4055 quandam
835 3954 943 4029 hahet
966 3960 1167 4032 similitudi.
1219 3965 1310 4059 quae
1326 3944 1521 4035 plurimum
1539 3943 1672 4017 habent
1687 3945 1860 4015 momenti
1876 3946 1920 4013 ad
1944 3943 2120 4013 orationis
2143 3965 2199 4012 oo·

182 4091 266 4141 nem
291 4089 372 4134 curn
394 4063 511 4132 tertia.
561 4065 645 4135 Non
668 4063 762 4132 euim
786 4074 923 4133 constat
946 4086 1020 4132 uno
1044 4063 1165 4157 aliquo
1217 4067 1328 4134 P¹⁰¹⁰⁰
1361 4047 1624 4140 01d⁰E⁰¹08³0
1641 4062 1704 4121 ⁸⁸²·
1737 4047 1921 4139 prineiPi⁰
1938 4047 2087 4162 Ροΰῖῑῑξῑ
2102 4068 2200 4111 ωω·

120 4162 123 4167 ’
180 4178 356 4265 perpetuo
376 4179 609 4257 argumento,
644 4168 706 4238 sed
726 4166 856 4236 ludunt
877 4178 1038 4257 pastores
1057 4166 1166 4237 variis
1217 4150 1359 4240 P³¹³²i⁰
1382 4153 1798 4249 P⁸⁵10fflm³¹¹¹¹¹PtUb
1823 4162 1957 4232 θθῑδῑθ,
1990 4162 2135 4266 {tantm
2163 4158 2200 4213 0²

181 4268 384 4354 sententiis,
411 4281 585 4340 certantes
600 4271 643 4338 de
659 4267 933 4359 laudeingenii3
959 4281 994 4338 et
1011 4264 1080 4338 hae
1104 4292 1166 4338 va·
1212 4262 1306 4324 ΜΘ·
1371 4254 1527 4329 Additur
1550 4254 1803 4326 sermocinatio
1827 4278 1908 4323 tum
1928 4250 2138 4321 invttttwne
2161 4259 2200 4364 {t

180 4374 258 4443 ria'e
272 4371 568 4445 renuntiassent
584 4384 647 4442 aut
661 4370 885 4442 laudationes
901 4383 1080 4441 certorum
1099 4367 1165 4442 ho·
1216 4354 1486 4473 delibeffiiffle·
1551 4353 1691 4426 Deinde
1721 4354 1883 4452 sequitur
1906 4354 2040 4444 integra
2064 4349 2201 4420 detm-

180 4475 339 4559 minum,
362 4487 424 4545 aut
440 4475 610 4566 figuratae
627 4485 662 4542 et
673 4486 843 4544 venustae
860 4468 1165 4565 reprehensiones,
1215 4467 1292 4545 ΡΨ)
1325 4458 1502 4548 llr⁰ll⁰⁸iti
1536 4458 1750 4532 centwini&
1811 4458 1998 4531 P⁰tlm¹⁰
2030 4455 2114 4525 1⁰0⁰
2148 4464 2203 4525 “i

180 4589 244 4649 aut
259 4577 515 4669 descriptiones
531 4578 804 4646 commodorum
822 4577 984 4647 locorum
993 4574 1054 4671 ⁸¹¹),
1076 4577 1164 4646 item
1215 4557 1333 4629 bfflss
1357 4560 1560 4651 P²f⁰1³li⁰2
1601 4584 1672 4654 qut
1696 4561 1822 4634 tribuit
1843 4558 2033 4633 viclothffl
2054 4557 2100 4629 hl
2116 4577 2203 4627 ⁶³¹²·

179 4691 452 4774 tempestatum,
485 4702 576 4776 quae
602 4691 685 4750 sunt
707 4679 847 4771 egregia
872 4679 1009 4749 lumina
1031 4680 1164 4748 oratio·
1215 4661 1540 4758 ml(1⁰(301’ydonb

187 4848 393 4868 ····-·-*··-
1512 4834 1654 4908 atiud
1681 4833 1892 4912 eiusdem.

214 4952 264 5019 ss)
283 4953 384 5016 nyss]
410 4951 451 5001 us
473 4948 558 5002 narse.
583 4934 676 5017 rasa,
701 4952 795 5011 assas
830 4950 908 5002 utu
930 4950 995 5000 roeo
1017 4949 1163 5014 runem

249 5036 316 5073 esse
333 5020 443 5071 videtu
459 5030 574 5074 uomens
604 5022 702 5087 eytts,
725 5032 806 5086 quen
821 5022 951 5084 sstyrun
968 5017 1078 5081 cepisse
1095 5020 1162 5072 Plu-

250 5091 364 5140 tarchus
382 5088 411 5139 lu
428 5088 488 5139 stus
506 5090 565 5138 vus
582 5089 661 5143 eat.
680 5092 787 5141 narret.
1152 5109 1165 5139 s
1215 5083 1308 5142 tatus
1328 5087 1465 5145 sextum
1487 5074 1642 5171 ldyllion
1663 5075 1866 5165 Theocriti,
1897 5077 1972 5150 hoc
1995 5098 2117 5171 agere,
2161 5088 2204 5146 ut

213 5160 266 5234 ’84)
283 5175 361 5226 conc
379 5174 475 5237 curre.
496 5175 618 5238 cyclops
635 5174 688 5225 Μ
702 5187 762 5239 trt·
1214 5169 1370 5246 exhibito
1387 5179 1575 5270 magnifico
1592 5183 1753 5273 exemplo
1768 5181 1904 5276 copiae,
1923 5182 1961 5253 id
2025 5180 2073 5250 od
2089 5175 2202 5249 etiarn

1315 4969 1409 5042 Satis
1425 4986 1593 5066 apparet,
1620 4989 1784 5066 poetam,
1810 5000 2030 5072 quamquam
2050 4973 2097 5044 sit
2117 4972 2203 5042 imi·
2239 5063 2245 5075 ¹

215 5257 263 5325 85)
281 5262 359 5312 llum.
378 5261 429 5312 od.
446 5260 498 5325 lx,
514 5259 672 5312 ³⁷l-loe.

213 5344 264 5404 83)
281 5343 395 5408 oppleri.
413 5345 447 5396 de
463 5345 561 5409 piscat.
577 5343 624 5394 111.

209 5428 481 5490 monueramus
502 5432 625 5482 norrun
633 5430 657 5495 ,1
683 5427 726 5480 rte
747 5426 833 5483 nutu
852 5429 946 5498 tm,
978 5429 1075 5495 18ης
1109 5428 1161 5482 ld.

249 5499 323 5554 tm.
340 5501 559 5565 mundam,
575 5499 716 5562 locoru,
907 5527 912 5539 ·
1247 5502 1297 5567 ὕ)
1315 5501 1376 5574 sut]
1395 5505 1438 5558 slo
1453 5506 1502 5560 ltu
1517 5505 1610 5570 tuta
1634 5505 1826 5575 Mitem,
1848 5506 1922 5560 tw.
1941 5510 1978 5559 st.
2017 5546 2021 5551 .
2067 5508 2070 5517 '

1213 5277 1297 5350 facit
1310 5277 1442 5375 Ecloga
1458 5283 1581 5368 tertia,
1599 5283 1787 5377 significet
1806 5310 1842 5356 se
1872 5309 1946 5359 csse
1970 5284 1980 5302 '
2010 5309 2073 5358 um
2088 5278 2203 5376 Gory-
