4784 6256
268 285 344 361 ιω
861 274 985 350 auu.
1012 273 1125 372 uuo.
1152 271 1357 347 scauri
1382 273 1719 350 euluouootos.
1785 324 1805 345 ..
1945 356 1948 361 ,
2241 278 2319 356 1os

269 470 368 531 extra
389 451 510 523 omnia
528 451 644 536 mala,
667 446 869 523 exhilarans
886 450 1047 520 animum
1066 449 1211 519 iuventa
1233 459 1269 517 et
1316 446 1432 538 angit,
1472 461 1614 538 mature
1639 464 1786 521 utamur
1808 448 1915 520 amici
1937 451 2101 524 consilio.
2154 450 2320 545 Quaera-

270 550 408 632 divitiis
430 555 488 624 vel
509 578 548 624 re
569 548 773 651 familiari]
804 551 902 623 Haec
926 565 978 625 est
998 552 1190 644 descriptio
1213 551 1267 622 iu·
1316 575 1396 621 mus
1411 551 1571 621 remedia
1588 552 1699 623 ulceri
1713 553 1894 636 nascenti,
1928 554 2097 648 vel'quod
2114 554 2187 625 iam
2204 558 2321 628 nasci·

274 663 414 735 eundae
444 657 550 730 vitae.
622 657 725 728 Mens
748 681 835 727 sana
860 657 899 725 in
922 681 1073 747 corpore
1095 679 1197 736 sano,
1232 666 1269 722 et
1317 665 1397 736 tur,
1423 666 1617 749 antequam
1635 657 1781 726 morbus
1800 657 2030 729 confirmatus
2046 671 2110 729 est.
2162 658 2322 735 Utilissi-

270 778 455 862 praeterea
471 761 680 831 sufficientia
694 784 816 830 rerum
829 761 1133 843 necessariarum,
1158 759 1207 826 ita
1226 769 1268 826 ut
1317 780 1418 825 mum
1434 770 1664 851 praeceptum
1679 759 1718 828 in
1734 760 1899 851 regendis
1915 760 2076 833 moribus
2092 774 2130 832 et
2148 764 2321 837 sanandis

270 865 363 939 nihil
390 864 562 934 debeatur
595 864 692 947 aliis,
735 865 796 934 sed
817 876 857 933 ut
880 874 1080 955 congruant
1108 861 1266 932 rationes
1319 859 1433 927 animi
1455 861 1602 930 morbis.

272 968 406 1062 accepti
422 979 458 1035 et
478 966 633 1059 expensi.
1419 961 1497 1033 Vss.
1519 959 1616 1035 1135
1633 990 1686 1059 sq.
1718 957 1854 1061 Ἐλπὶς]
1885 965 2041 1060 Querela
2058 968 2319 1041 demutatione

373 1070 452 1140 Vss.
471 1067 750 1142 nea-1129.
784 1059 855 1161 Μή
868 1093 915 1161 με
934 1061 1085 1164 κακῶν]
1114 1067 1168 1138 Ne
1192 1089 1265 1133 me·
1321 1064 1482 1136 omnium
1499 1090 1620 1136 rerum
1635 1081 1670 1136 et
1685 1067 1875 1158 praecipue
1891 1065 2135 1141 hirmanorum
2153 1073 2321 1144 consilio-

271 1172 449 1245 mineritis
470 1173 649 1242 maloru'm
676 1194 860 1252 meorum,
892 1195 1016 1261 passus
1034 1195 1112 1241 sum
1134 1168 1267 1242 scilicet
1320 1191 1423 1253 rum,
1449 1170 1627 1239 factorum
1642 1182 1677 1239 et
1691 1194 1833 1241 morum
1853 1173 1891 1240 in
1908 1171 2029 1264 peius,
2064 1177 2212 1268 etquod
2227 1173 2321 1245 nihil

271 1277 377 1361 talia,
407 1275 525 1369 qualia
546 1274 708 1367 Ulysses,
749 1273 811 1368 qui
835 1272 1018 1343 descendit
1038 1273 1077 1342 in
1097 1296 1267 1364 magnam
1319 1269 1498 1363 reliquum
1515 1270 1562 1343 sit
1574 1273 1614 1341 iu
1629 1275 1734 1344 rebus
1748 1268 1916 1349 humanis
1930 1288 2072 1367 praeter
2086 1300 2199 1368 spem.
2234 1280 2321 1372 Spe-

272 1382 420 1453 domum
442 1377 626 1457 Plutonis,
659 1376 794 1457 idest,
828 1379 874 1444 ad
899 1375 1045 1447 inferos.
1102 1374 1267 1445 Evadens
1319 1396 1443 1444 ramus
1469 1375 1564 1444 enim
1588 1377 1715 1448 melius
1736 1374 1835 1463 iore,
1880 1379 1943 1448 sed
1971 1379 2093 1448 omnia
2115 1395 2200 1451 sunt
2223 1382 2321 1453 dete-

271 1483 375 1566 inde,
403 1480 466 1576 qui
482 1479 659 1549 interfecit
674 1481 766 1548 duro
783 1502 885 1561 aere,
910 1479 1037 1561 idest,
1059 1481 1188 1560 armis,
1214 1477 1268 1547 iu·
1320 1474 1431 1547 riora.
1497 1474 1687 1551 Nestorem
1712 1474 1874 1549 scribunt
1894 1480 1963 1551 tria
1989 1476 2181 1554 bominum
2202 1487 2320 1556 secula

272 1585 443 1657 venculae
461 1583 584 1654 uxoris
608 1606 693 1652 suae
707 1582 906 1673 Penelopes
931 1606 1082 1673 procos,
1114 1581 1268 1672 sapiens,
1321 1571 1499 1669 attigisse,
1526 1582 1666 1674 qualem
1684 1581 1744 1652 ille
1759 1581 1798 1650 in
1822 1582 1984 1656 moribus
2005 1587 2245 1658 mutationem
2268 1591 2320 1657 vi-

270 1688 397 1772 idest,
422 1688 618 1780 prudenter
629 1709 705 1754 rem
723 1708 859 1775 gerens.
911 1681 989 1776 lpsa
1015 1685 1148 1754 mansit
1169 1682 1269 1751 domi
1321 1682 1433 1764 derit,
1458 1706 1559 1754 senes
1573 1685 1731 1776 cogitare
1747 1699 1907 1778 possunt.

271 1793 372 1883 apud
396 1815 520 1859 rarum
542 1789 674 1872 lilium,
712 1791 825 1857 donec
847 1788 964 1870 venit,
996 1789 1052 1855 vel
1074 1785 1269 1868 descendit,
1424 1783 1511 1874 Spes
1531 1785 1627 1870 sola,
1664 1789 1822 1880 optimus
1835 1788 1935 1860 Deus
1954 1787 2050 1860 inter
2073 1787 2238 1864 borsines
2262 1819 2323 1867 su-‚.

215 1966 218 1973 ,
275 1894 407 1965 scilicet
428 1891 593 1985 Ulysscs,
627 1893 673 1959 ad
696 1891 871 1961 terribiles
894 1889 1043 1981 angulos
1066 1892 1123 1959 vel
1144 1914 1269 1982 specus
1321 1898 1459 1975 petest,
1497 1889 1631 1960 scilicet
1660 1892 1743 1984 quia
1774 1916 1916 1983 semper
1937 1916 2124 1984 speramus
2146 1898 2222 1965 fore
2244 1920 2318 1965 me-

274 2009 411 2078 terrae,
437 1995 561 2075 idest,
588 1995 634 2062 ad
656 1994 800 2065 inferos.
851 1993 968 2062 Locus
991 1996 1198 2085 desumptus
1219 2003 1270 2061 est
1302 1986 1401 2071 filius.
1456 1989 1668 2082 Congruunt
1688 1995 1755 2064 ista
1781 2020 1860 2064 cum
1877 1996 2056 2081 Hesiodo,
2092 2001 2189 2090 apud
2211 2023 2319 2093 quem
2375 2091 2377 2094 .

276 2124 319 2169 ex
331 2098 522 2168 undecimo
539 2095 720 2191 Odysseae
736 2096 904 2179 Homeri,
938 2107 1061 2190 estque
1076 2096 1268 2167 sententia:
1323 2115 1402 2160 curn
1421 2093 1559 2187 reliqua
1584 2096 1676 2164 mala
1701 2121 1744 2166 ex
1765 2098 1885 2188 pixide
1907 2100 2097 2170 Pandorae
2119 2102 2319 2171 evolassent

274 2198 353 2293 Ego
369 2224 452 2270 vere
467 2184 539 2271 dici
550 2224 696 2292 possum
707 2199 919 2271 Homericus
933 2197 1098 2292 ulysses,
1124 2213 1177 2268 tot
1194 2206 1269 2267 ma·
1323 2205 1358 2262 et
1385 2194 1480 2264 inter
1511 2221 1622 2288 genus
1651 2195 1849 2270 humanum
1883 2203 2038 2293 dispersa
2071 2217 2204 2286 essent,
2240 2204 2319 2274 sola

274 2304 318 2374 lis
335 2317 492 2375 vexatus.
543 2302 611 2373 Sed
628 2306 775 2397 quando
791 2302 924 2394 largius
939 2299 1048 2388 bibo,
1073 2316 1159 2373 tunc
1180 2301 1270 2371 obli·
1323 2292 1411 2388 Spes
1435 2298 1475 2367 in
1495 2300 1607 2371 londo
1632 2304 1720 2372 dolii
1741 2304 1980 2400 remansit¹¹);
2042 2306 2116 2374 Atii
2134 2304 2195 2391 Hi
2219 2309 2319 2377 dese·

274 2406 392 2479 viscor
406 2406 567 2476 omnium
584 2409 764 2476 malorum
788 2417 853 2475 etc.
1243 2404 1246 2408 ’
1323 2413 1441 2471 rentes
1457 2394 1623 2476 homines
1637 2407 1874 2478 discesserunt
1890 2409 1927 2477 in
1945 2408 2094 2481 coelum.
2149 2409 2321 2483 Discessit

374 2526 649 2622 v33011293sp
691 2530 737 2599 Ep
758 2523 959 2623 πίομαιἪ
996 2524 1033 2596 sj
1057 2525 1163 2608 bibo,
1195 2546 1270 2595 mm
1324 2514 1359 2570 et
1377 2502 1483 2575 Fides
1506 2531 1636 2598 magna
1660 2509 1756 2592 Dea,
1786 2513 1944 2583 discessit
1966 2528 2000 2583 et
2020 2514 2198 2585 Modestia
2227 2517 2321 2584 inter

275 2656 361 2703 curo
376 2643 647 2725 paupertatem,
674 2654 766 2723 quae
789 2629 914 2718 aflligit
938 2628 1097 2711 animos,
1129 2651 1194 2697 nec
1218 2627 1272 2695 vic.
1324 2601 1500 2727 homines.
1563 2610 1660 2682 llaec
1683 2615 1743 2684 ille
1764 2615 1855 2686 dixit
1876 2641 1942 2687 suo
1968 2631 2151 2710 tempore,
2185 2632 2319 2713 quanto

272 2758 345 2817 ros,
373 2735 435 2828 qui
449 2729 539 2801 mibi
552 2733 785 2815 maledicunt,
812 2731 909 2801 iuxta
926 2732 1031 2802 illud:
1058 2730 1164 2802 Nunc
1183 2754 1271 2819 pau·
1324 2733 1438 2801 ΜΨ
1458 2705 1549 2782 haec
1569 2717 1615 2785 ad
1636 2731 1758 2788 ¹¹⁰⁵lr³
1781 2732 1958 2811 tempora·
2015 2719 2136 2839 Etiam
2159 2718 2322 2792 Charites

272 2861 339 2930 ptr
353 2860 485 2906 cornua
505 2833 665 2929 sumil⁰)·
719 2837 778 2913 ΘΟ
800 2831 919 2926 1119111
940 2835 1030 2910 citttt
1057 2835 1140 2910 oliti
1166 2830 1271 2922 leima
1324 2823 1457 2883 terram
1473 2815 1726 2903 deseruerunt,
1752 2823 1877 2907 idest,
1901 2822 2163 2906 benevolentia,
2190 2826 2323 2896 caritas

274 2941 377 3028 teias,
411 2943 486 3014 obet
511 2940 668 3013 bencinct
694 2942 756 3012 tot
782 2938 932 3013 tcnndcn
958 2940 1076 3014 dicut.
1133 2935 1267 3006 Vinum
1325 2929 1361 2985 ct
1380 2916 1575 3007 gratitudo.

274 3038 449 3122 exhilarat
465 3066 526 3111 cor
547 3038 717 3111 hominis.
1225 3060 1275 3131 ...ᾖ

374 3162 453 3233 Vss.
480 3162 574 3231 11³1
592 3186 645 3253 sq.
682 3153 804 3254 Ἀλλ’]
837 3159 905 3227 Sed
931 3162 1120 3230 amabilem
1147 3161 1272 3233 iuven·

273 3281 348 3337 tam
364 3264 536 3353 deploro,
563 3285 653 3354 quae
670 3285 728 3328 me
749 3261 898 3342 deserit,
931 3275 965 3333 et
988 3264 1137 3354 deploro
1161 3266 1272 3337 mole-

275 3380 367 3441 stam
384 3376 624 3446 senectutem,
651 3387 745 3456 quae
768 3361 1025 3463 subsequitur]
1057 3366 1164 3436 Tales
1189 3381 1273 3438 sunt

275 3465 538 3540 melancholici.
605 3467 667 3541 tto
698 3466 837 3540 beneint
865 3463 925 3557 ulit
953 3470 1060 3559 eines,
1103 3475 1166 3544 bot
1189 3466 1273 3558 [eine

274 3573 415 3649 illuttct
428 3568 514 3665 nint
530 3571 621 3664 naht
635 3573 704 3646 eine
722 3570 820 3663 junge
832 3569 924 3658 &ton
940 3569 990 3662 ill.

376 3693 454 3765 Vss.
472 3692 570 3762 1135
584 3718 637 3787 sq.
677 3685 817 3782 Κύρνε]
844 3687 883 3759 ln
902 3694 1069 3763 omnibus
1083 3693 1186 3764 rnalis
1204 3693 1272 3761 ini·

274 3798 326 3868 tio
344 3811 397 3869 est
413 3798 712 3876 succurrendum,
738 3794 834 3860 itrxta
855 3791 961 3863 illud:

378 3912 525 3975 Principiis
543 3914 638 3976 obsts3
662 3923 728 3961 sero
746 3909 882 3960 medidus
898 3890 1030 3975 parator,

448 3999 516 4049 Gon
533 3999 607 4048 msto
624 4009 674 4060 per
691 3998 792 4061 longos
808 3996 954 4048 invaluere
971 4007 1066 4048 noros
1073 3993 1122 4063 ¹⁰).

273 4079 385 4181 ldqne
406 4086 631 4168 laciendum,
664 4098 705 4155 ut
723 4085 762 4153 iu
787 4087 924 4155 morbis
948 4087 1129 4179 corporis,
1161 4085 1271 4159 sicin

276 4190 415 4260 morbis
448 4188 561 4256 animi
589 4213 667 4260 cum
699 4189 964 4280 cupiditatibus.
1033 4189 1152 4259 Omne
1175 4191 1270 4262 euim

273 4294 411 4362 malum
428 4291 538 4362 initio‘
551 4292 745 4365 sanabilius
763 4307 835 4376 est,
861 4319 971 4387 quam
989 4319 1068 4363 cum
1086 4293 1159 4386 egit
1174 4296 1272 4367 radi-

276 4420 355 4480 ces,
397 4407 433 4467 et
464 4420 546 4467 cum
576 4408 741 4490 tempore
772 4399 935 4468 accrevit.
995 4395 1036 4467 ln
1059 4396 1272 4490 corporibus

275 4501 421 4595 quando
435 4514 565 4571 natura
580 4522 657 4571 non
671 4513 789 4593 potest
803 4502 945 4570 vincere
967 4502 1156 4583 morbum,
1180 4502 1271 4570 diffi-

274 4604 351 4674 cilis
366 4616 429 4674 aut
444 4605 629 4695 desperata
647 4619 700 4674 est
715 4603 919 4672 medicatio.

376 4705 562 4776 Finiamus
603 4719 666 4776 aut
702 4728 962 4797 componamus
1003 4702 1147 4773 initium
1185 4703 1270 4771 mali

275 4810 522 4901 praesentibus
537 4808 679 4892 amicis,
712 4808 750 4877 id
775 4820 847 4890 est,
880 4809 1026 4900 quando
1049 4805 1183 4898 aliquid
1204 4828 1277 4883 nos,

309 5066 342 5124 8)
359 5062 397 5113 El
413 5063 530 5129 πίομαι]
550 5059 592 5110 sle
609 5058 749 5110 1111561.
768 5057 798 5108 ei
814 5058 936 5138 Theop.
953 5056 1039 5109 Edlll.
1061 5066 1150 5118 mm
1172 5054 1271 5119 Μ..

344 5131 573 5268 1θέωοιιὲιιίιιιοτιιιιο
596 5131 680 5192 atquo
703 5127 809 5192 Gatsi.;
843 5126 928 5176 ιιᾱιιι.
952 5127 1058 5191 aeth,
1082 5127 1186 5192 Bergk.
1201 5117 1269 5195 ’Βμο

310 5288 343 5349 9)
364 5286 443 5339 ovid.
462 5286 524 5335 Art.
541 5284 624 5334 anst
636 5281 658 5345 1,
675 5280 752 5345 111,
770 5279 815 5332 not
832 5292 901 5333 reso
919 5281 981 5347 loco
1004 5296 1083 5337 nnnc
1106 5282 1136 5334 tn
1152 5282 1205 5334 ne
1221 5281 1270 5334 rt·

344 5358 422 5421 pont.
437 5354 540 5418 tegltnr
557 5355 637 5404 tunc.

312 5443 360 5505 10)
379 5441 459 5496 ovid.
477 5438 590 5493 Rened.
607 5448 695 5492 arnor.
707 5437 739 5488 st
758 5450 801 5503 sq.
819 5436 1009 5505 (1111111.
1027 5437 1135 5504 bipont.
1152 5446 1204 5503 pro
1220 5437 1270 5489 tn·

345 5514 469 5564 votnm
485 5508 595 5561 extttst
610 5504 821 5574 emotum).

1425 3017 1503 3090 Vss.
1528 3022 1625 3094 1139
1640 3049 1693 3116 sq.
1725 3020 1873 3118 ‘'Opxot]
1906 3023 2108 3096 lorameuta
2137 3052 2214 3097 non
2244 3052 2324 3099 am-

1324 3120 1417 3212 plius
1441 3121 1534 3195 inter
1557 3121 1720 3196 homines
1741 3141 1824 3196 sunt
1846 3129 1957 3212 iusta,
1985 3152 2104 3223 neque
2128 3130 2322 3226 quisquam

1324 3232 1508 3296 meretur
1525 3241 1560 3298 et
1583 3243 1777 3300 vmeratur
1790 3231 1887 3302 Deos
1908 3232 2152 3318 immortales,
2192 3235 2231 3303 id
2258 3249 2322 3319 est,

1324 3329 1524 3398 reverentia
1541 3354 1625 3422 erga
1646 3331 1761 3403 Deum
1781 3348 1816 3404 et
1833 3331 2017 3404 hominem
2036 3339 2177 3406 sublata
2192 3350 2258 3410 est.

1427 3430 1505 3505 Vss.
1530 3435 1625 3507 1141
1642 3458 1696 3530 sq.
1730 3435 1949 3537 Εὐσεβέων]
1983 3439 2133 3511 Piorum
2158 3441 2320 3511 virorum

1325 3558 1436 3625 genus
1452 3537 1644 3609 extinctum
1661 3553 1734 3624 est,
1767 3541 1802 3610 id
1829 3556 1900 3624 est,
1933 3544 2089 3615 mundus
2111 3543 2185 3613 iam
2206 3546 2322 3636 reple·

1245 3693 1254 3708 .
1326 3650 1382 3709 tus
1398 3650 1450 3708 est
1466 3641 1587 3732 impiis
1608 3657 1643 3713 et
1658 3645 1836 3715 sceleratis
1851 3640 2071 3716 bominibus.
2125 3647 2250 3743 Necff
2269 3648 2321 3714 le-

1326 3766 1384 3830 ges
1400 3753 1463 3810 aut
1477 3743 1668 3828 iustitiam,
1702 3771 1818 3839 neque
1842 3747 2012 3837 pietatem
2035 3738 2251 3841 agnoscunt,
2282 3749 2321 3818 id

1326 3857 1397 3926 est,
1424 3868 1491 3913 nec
1513 3846 1550 3913 vi
1572 3842 1754 3916 coherceri
1780 3863 1929 3939 possunt
1954 3848 2142 3937 homines,-
2166 3876 2232 3923 nec
2255 3877 2320 3935 sna

1326 3942 1452 4039 sponte
1470 3963 1618 4040 propter
1634 3974 1795 4020 amorem
1817 3952 1958 4025 virtutis
1981 3970 2076 4026 recte
2098 3956 2233 4028 faciunt
2255 3955 2322 4027 ho-

1325 4051 1451 4121 mines.
1504 4049 1755 4149 luvenalis¹²):

1500 4169 1626 4221 Oderunt
1639 4183 1758 4236 necere
1775 4173 1839 4222 boni
1857 4172 1969 4225 virtutis
1985 4185 2096 4241 emere,

1499 4257 1624 4307 oderunt
1640 4271 1759 4321 peceare
1776 4258 1842 4309 mati
1859 4260 2008 4313 formidas
2023 4271 2136 4323 poento.

1428 4342 1498 4412 Sed
1529 4344 1599 4412 iam
1630 4370 1672 4414 eo
1700 4358 1845 4415 ventum
1871 4360 1943 4431 est,
1976 4363 2017 4420 ut
2036 4373 2154 4445 neque
2176 4350 2321 4424 virtutis

1325 4468 1450 4527 amor,
1482 4469 1549 4515 nec
1570 4472 1708 4539 poenae
1732 4462 1848 4520 metus
1867 4443 2056 4524 coherceat
2069 4444 2114 4523 ¹et
2136 4455 2322 4527 contiueat

1323 4547 1504 4616 licentiam
1526 4559 1564 4628 et
1572 4552 1810 4642 petulantiam
1827 4552 2101 4646 flagitiosorum.
2154 4559 2252 4630 Sicut
2267 4561 2321 4630 in-

1325 4652 1403 4744 quit
1416 4647 1609 4722 luvenalis:
1644 4652 1763 4725 Omne
1777 4656 1815 4723 in
1830 4658 2020 4752 praecipiti
2036 4672 2107 4730 stat
2123 4661 2251 4734 vitium
2261 4664 2322 4761 ¹⁸),

1323 4778 1389 4824 nec
1404 4753 1496 4822 ultra
1518 4778 1589 4847 quo
1607 4755 1679 4825 iam
1695 4761 1969 4856 progrediatur,
1994 4758 2174 4858 babet¹⁴).

1361 4969 1407 5034 tt)
1427 4969 1541 5023 Hesion.
1560 4973 1654 5036 opere
1671 4976 1700 5027 et
1715 4976 1783 5027 Dies
1799 4979 1925 5030 tto-ss.

1358 5055 1404 5122 12)
1423 5056 1499 5109 Duos
1517 5061 1665 5122 sequentes
1683 5075 1786 5114 versos
1801 5066 1875 5129 spot
1891 5061 2049 5119 Iuvenalem
2066 5077 2123 5118 non
2142 5063 2254 5128 invenis
2270 5081 2323 5121 eo·

1391 5137 1454 5179 ιιι
1469 5125 1547 5190 prior
1563 5130 1668 5193 tegitur
1684 5130 1712 5181 ln
1730 5133 1840 5186 iioretti
1856 5136 1948 5199 aptat.
1961 5137 1983 5202 l,
2003 5137 2046 5199 te,
2063 5134 2107 5188 11.

1358 5211 1406 5270 11)
1423 5210 1519 5263 turen.
1537 5215 1595 5264 sat.
1614 5215 1639 5275 1,
1660 5214 1717 5264 us
1737 5217 1780 5270 ed.
1800 5219 1932 5280 mpetu:

1494 5279 1581 5332 Onne
1598 5281 1625 5331 in
1644 5284 1788 5348 praecipiti
1806 5287 1901 5339 vlttum
1917 5289 2005 5339 stetit.

1358 5367 1406 5426 u)
1423 5378 1474 5416 osc
1489 5367 1563 5421 nitra
1573 5394 1606 5406 -
1616 5370 1723 5430 acuet]
1740 5371 1809 5423 meo
1825 5375 1912 5423 veros
1927 5374 2141 5436 mactarent.
2157 5376 2178 5431 l.
2196 5389 2253 5430 noo
2270 5388 2321 5430 rs-

1391 5435 1553 5501 periuntor,
1577 5437 1627 5488 sed
1645 5440 1675 5490 ιι
1692 5438 1773 5493 ovid.
1789 5438 1866 5493 rna.
1879 5441 1901 5506 l,
1921 5443 1979 5494 tit
1995 5445 2054 5495 sic:

1495 5505 1550 5554 le
1567 5505 1658 5573 ulus,
1682 5519 1736 5571 quo
1753 5508 1808 5559 111
1825 5512 2036 5577 progrediatur,
2058 5514 2151 5567 trist
