4784 6256
290 333 367 411 sos
872 330 996 407 erun.
1031 331 1146 442 unu.
1179 328 1383 404 εεειετε
1409 329 1791 405 ermenoarae·
2261 324 2337 410 loa

288 527 440 605 precans
455 501 552 574 Deos
567 505 649 593 eto]
700 503 797 578 fillis
812 501 918 593 6061,
940 509 1003 580 6118
1030 525 1064 578 et
1090 506 1142 580 bit
1161 505 1284 598 ltttatti
1437 502 1669 598 vvssauttsq.
1701 497 1986 595 Reprehendunt
2004 530 2059 575 me
2076 503 2162 604 etc]
2192 508 2337 585 66611111

289 605 398 707 batte.
1337 609 1400 681 nit
1425 605 1509 701 aiat
1534 607 1597 681 otte
1627 606 1762 698 ubter,
1786 605 1820 695 lo
1844 607 1962 681 mattea
1987 598 2051 685 uie
2077 609 2152 705 bod)
2180 610 2337 706 suedos

360 707 454 779 'Vs
477 702 565 779 869.
622 706 705 778 Non
728 709 833 779 valde
864 708 1068 779 manifestes
1093 721 1153 778 tua
1175 709 1285 793 mala,
1337 708 1472 806 test').

290 812 428 884 malum
459 821 512 880 est
543 812 758 904 ostendere]
821 812 886 882 Est
909 814 1086 905 quaedam
1110 812 1284 904 sapientia
1438 810 1516 882 vss.
1532 811 1602 882 371
1615 836 1667 905 sq.
1718 811 1803 882 Non
1821 836 1878 880 me
1893 811 2074 882 nolentem
2088 836 2252 906 pungens
2269 819 2337 889 sub

290 928 410 1007 tegere
436 914 597 984 adversa.
648 915 759 989 &aaa
786 916 873 989 einer
899 917 1000 1008 liegt,
1040 911 1073 1004 Ῐο
1099 911 1214 1008 [Sensi
1241 915 1287 1007 ies
1338 938 1481 985 curnam
1500 914 1614 1004 adige,
1636 909 1783 984 trahens
1798 912 1902 983 valde
1915 917 1962 983 ad
1978 915 2206 1016 amicitiam]
2234 919 2335 1012 Quos

291 1023 427 1096 Mulon
454 1011 528 1107 ttttff
549 1014 607 1106 itu.
658 1015 830 1086 Salomon
844 1018 908 1110 '⁷):
942 1015 1057 1089 Iustus
1086 1017 1207 1109 lapsus
1227 1041 1286 1086 co·
1339 1017 1454 1088 credis
1490 1017 1724 1108 fidoseffuge,
1750 1029 1850 1086 tutus·
1872 1017 1953 1087 eris.

290 1146 369 1192 ram
391 1119 505 1211 impio
526 1132 579 1188 est
600 1117 681 1188 lons
707 1120 878 1212 limpidus
903 1122 1136 1190 conturbatus
1159 1144 1285 1219 coeno.
1443 1119 1521 1190 Vss.
1540 1119 1616 1189 876
1634 1145 1712 1213 sqq.
1764 1123 1840 1191 Zeti
1866 1115 1951 1215 φίλε
1972 1117 2058 1218 etc]
2111 1123 2269 1216 Querela
2289 1126 2336 1195 de

289 1221 427 1294 Omnes
462 1222 698 1313 gnomologos
729 1222 844 1292 vincit
868 1220 1053 1294 Salomon.
1104 1221 1221 1295 Semel
1237 1221 1285 1313 ⁹)
1338 1223 1578 1317 providentia.
1631 1219 1784 1314 lupitcr,
1815 1245 1879 1290 cur
1902 1246 1978 1291 uon
2000 1224 2128 1294 tribuis
2150 1227 2246 1296 bona
2270 1228 2336 1296 bo·

288 1326 443 1396 laetatur
465 1323 504 1391 in
521 1324 723 1395 calamitate
738 1323 908 1409 Davidis,
935 1337 987 1396 est
1002 1320 1287 1422 ἐπιχαιρέκακος.
1338 1327 1414 1410 nis,
1441 1325 1534 1394 mala
1558 1324 1687 1396 malis?
1744 1323 1819 1395 Nos
1841 1324 1971 1396 scimus
1996 1324 2191 1398 Ecclesiam
2221 1329 2335 1420 magis

289 1426 399 1499 Tales
413 1427 520 1496 multi
543 1439 644 1512 suut,
671 1428 778 1497 etiam
794 1453 949 1522 quorum
969 1441 1022 1498 est
1037 1428 1230 1499 eminentia
1248 1428 1288 1495 iu
1339 1430 1533 1500 subiectam
1563 1429 1681 1511 cruci,
1715 1438 1755 1496 ut
1782 1439 1951 1516 agnoscat
1981 1443 2184 1520 peccatum,
2224 1433 2334 1501 etiam

291 1552 505 1627 quacunque
527 1552 586 1615 re,
610 1542 733 1600 tamen
747 1543 799 1602 est
811 1532 933 1601 multis
953 1530 1144 1621 gaudium,
1170 1553 1288 1624 quan·
1340 1532 1424 1635 quia
1453 1531 1616 1602 diabolus
1646 1529 1760 1620 magis
1795 1553 1873 1598 eam
1901 1531 2089 1603 excruciat.
2168 1534 2333 1604 Tandem

290 1635 338 1705 do
363 1631 602 1705 humiliantur
618 1645 654 1702 et
673 1634 885 1726 puniuntur.
1339 1636 1466 1707 melius
1491 1633 1559 1703 erit
1579 1632 1700 1718 iustis,
1734 1632 1800 1703 etsi
1823 1632 2046 1727 aliquamdiu
2068 1634 2284 1726 affligantur.

391 1734 455 1806 Vs.
469 1733 557 1804 860.
584 1734 703 1807 Habes
716 1760 864 1828 paucos,
888 1734 1026 1818 anxios,
1041 1735 1172 1818 tristes,
1190 1732 1288 1803 moess
1441 1736 1502 1808 Vs.
1520 1734 1606 1808 877.
1635 1730 1825 1833 discorde]
1853 1736 1890 1803 id
1913 1749 1984 1820 est,
2010 1737 2173 1811 iniustos.

64 1903 74 1915 .
191 1856 193 1860 '
291 1836 639 1911 stosincalamitate
660 1840 749 1932 tua]
800 1832 1058 1931 Pindarum:
1438 1839 1517 1911 Vss.
1541 1839 1616 1911 879
1636 1865 1690 1935 sq.
1742 1836 1782 1907 Si
1805 1862 1884 1907 mea
1908 1863 2008 1909 mens
2035 1841 2143 1911 fuerit
2166 1863 2268 1913 versa
2287 1841 2334 1907 ad

397 1934 450 2012 Τὸ
476 1940 612 2014 olxeior
634 1937 767 2039 πιέζει,
796 1935 1003 2040 ἀλλοτρίων
1026 1937 1071 2013 οὔ
1088 1936 1200 2034 μέλει.
1339 1941 1531 2029 iustitiam,
1558 1942 1792 2026 modestiam,
1818 1941 1891 2011 sive
1915 1944 1959 2012 ad
1981 1942 2192 2016 iniustitiam
2217 1940 2336 2013 homi-

290 2044 404 2118 Pauci
433 2056 613 2137 anguntur
639 2047 684 2115 de
710 2044 899 2137 Ungaricis
931 2043 1192 2114 calamitatibus
1222 2054 1287 2114 etc.
1339 2070 1426 2119 uum
1452 2045 1778 2138 obtemperantium
1796 2044 1935 2117 iniustis
1961 2047 2142 2137 operibus.

290 2144 345 2220 lta
367 2149 408 2217 bt
431 2146 470 2215 in
494 2150 587 2231 vita,
615 2161 667 2218 cst
688 2150 879 2242 descriptio
901 2173 1002 2220 casus
1019 2170 1082 2218 seu
1103 2159 1263 2217 eventus.
1439 2149 1518 2222 Vss.
1537 2149 1764 2221 861-866.
1816 2144 1915 2221 Nihil
1937 2160 2030 2218 certe
2052 2161 2103 2218 est
2126 2144 2363 2220 hominibus.

394 2248 473 2321 Vss.
487 2251 719 2326 861-868.
762 2251 835 2323 Cor
848 2251 918 2322 viri
934 2251 1129 2335 minuitur,
1156 2262 1208 2320 est
1221 2249 1288 2318 im·
1341 2251 1503 2352 aDco,]
1528 2255 1566 2324 id
1594 2265 1666 2337 est,
1698 2255 1742 2322 de
1771 2249 1863 2324 Deo.
1920 2251 2060 2319 Tamen
2083 2245 2217 2320 habent
2242 2246 2335 2316 mali

292 2353 473 2438 berillius,
493 2355 720 2447 languidius,
752 2356 942 2448 lauguebt,
974 2354 1038 2448 qui
1066 2364 1118 2423 est
1143 2352 1288 2422 affectus
1341 2355 1485 2427 divitias
1502 2358 1660 2438 illaesas,
1686 2356 1861 2446 integras,
1879 2354 1955 2426 sine
1975 2349 2142 2451 damno]
2181 2350 2333 2421 Senten-

292 2477 426 2548 maguo
450 2458 567 2542 malo,
593 2460 717 2530 crescit
739 2459 899 2543 animus,
924 2459 1070 2553 quando
1094 2455 1288 2526 adciscitur.
1341 2457 1390 2528 tia
1416 2471 1469 2531 est
1485 2473 1608 2530 contra
1626 2457 1904 2552 providentiam.
1946 2456 2015 2527 Sed
2031 2454 2216 2548 responsio
2232 2452 2335 2545 prin·

174 2625 186 2635 ,
292 2558 391 2629 Bene
417 2560 612 2654 alloquaris
636 2562 820 2631 inimicum
832 2558 860 2661 ,]
887 2561 924 2630 id
949 2572 1021 2643 est,
1054 2581 1130 2628 non
1152 2568 1287 2627 certato
1341 2562 1465 2653 cipalis
1488 2566 1609 2633 estad
1633 2558 1720 2646 hoc,
1762 2563 1860 2657 quod
1887 2573 1998 2631 restet
2027 2559 2125 2629 aliud
2150 2555 2336 2638 iudicium,

293 2662 482 2746 conviciis,
507 2663 601 2732 iacto
618 2664 835 2756 puniassiue
854 2662 1068 2745 virulentia,
1091 2657 1178 2750 {null
1189 2657 1288 2754 111ίῇ8
1339 2664 1403 2735 ubi
1429 2665 1640 2735 liberabitur
1667 2663 1838 2735 Ecclesia.
1906 2663 2080 2734 Salomon
2093 2660 2159 2755 ³⁴):
2200 2656 2336 2730 Omnia

249 2844 258 2862 ,
291 2763 425 2861 melltta
451 2769 519 2840 aab
536 2764 643 2860 11ἰᾶ)ῒό
659 2768 752 2861 ibuit.
804 2766 845 2836 ln
859 2767 931 2835 vita
948 2764 1190 2835 Timoleontis
1203 2763 1289 2832 Plu·
1341 2766 1492 2838 adducet
1516 2767 1615 2838 Deus
1641 2769 1688 2836 ad
1721 2766 1892 2836 iudicium
1924 2761 2174 2859 (κεκριμένον)
2203 2760 2338 2832 scilicet

291 2864 479 2966 earehi⁸·):
508 2868 614 2940 Multi
633 2873 748 2962 magis
766 2871 1023 2941 exacerbantur
1040 2866 1158 2938 verbis
1179 2888 1288 2960 quam
1342 2897 1384 2941 ex
1408 2871 1468 2940 illa
1492 2870 1628 2962 specie,
1653 2866 1881 2959 spectaculis,
1908 2878 2058 2947 eventu,
2083 2865 2146 2934 sed
2163 2863 2267 2933 nobis
2283 2872 2339 2931 est
2371 2947 2376 2955 ,

291 2966 395 3041 iactis
417 2971 611 3044 atrocibus.
663 2973 749 3044 Non
775 2986 828 3044 est
847 2985 922 3041 tam
944 2969 1057 3040 facilis
1078 2966 1289 3039 reconcilia·
1342 2985 1479 3044 certum
1502 2996 1545 3042 ex
1566 2972 1677 3041 verbo
1700 2969 1788 3052 Dei,
1815 2966 1852 3036 id
1878 2979 1948 3051 est,
1971 2962 2083 3034 homo
2106 2988 2181 3033 non
2204 2965 2269 3036 seit
2292 2987 2339 3033 ex

292 3072 365 3159 llo,
392 3073 476 3168 qula
499 3089 582 3164 post
606 3076 837 3144 acerbitatem
869 3073 1114 3145 conviciorum
1136 3073 1186 3141 ita
1208 3094 1289 3142 ⁸³11·
1341 3077 1447 3148 rebus
1468 3073 1632 3144 secundis
1656 3072 1714 3140 vel
1729 3068 1907 3152 adversis,
1931 3093 1977 3137 an
1993 3071 2131 3161 placeat
2147 3066 2245 3147 Deo;
2273 3064 2339 3135 sed

195 3266 199 3274 „
293 3166 437 3246 riantur
454 3176 586 3258 animi,
610 3177 739 3247 utsiut
756 3176 1020 3268 implacabiles,
1042 3175 1290 3245 vulnerasunt
1342 3200 1385 3248 ex
1416 3176 1527 3245 verbo
1559 3174 1628 3244 Dei
1655 3174 1739 3258 scit,
1772 3185 1813 3242 ut
1845 3171 1962 3242 om'nis
1980 3167 2130 3241 hahens
2159 3170 2338 3262 pollutam

292 3276 529 3359 insanabilia,
560 3271 636 3349 ὑπὸ
663 3272 786 3377 λόγων
810 3282 954 3373 μᾶλλον
979 3273 1004 3372 ἢ
1028 3273 1201 3374 πράξεων
1222 3299 1289 3348 πο·
1341 3278 1595 3352 conscieutiam
1621 3276 1687 3347 scit
1709 3298 1746 3346 se
1767 3274 1952 3367 displicere
1967 3271 2045 3343 Deo
2063 3285 2128 3343 etc.

293 3383 432 3474 γηρῶν.
485 3378 641 3471 Quidam
665 3382 815 3467 nobilis,
842 3383 1134 3453 comederentur
1157 3378 1288 3470 scripta
1390 3380 1543 3453 VsSSS
1567 3374 1736 3477 ἔχουσιν]
1760 3378 1893 3450 scilicet
1915 3376 2013 3446 mali.

295 3479 552 3553 conviciatoria
577 3483 801 3575 principum,
828 3485 932 3554 dixit:
959 3483 1023 3579 Sd>
1037 3483 1103 3576 hub
1128 3500 1196 3556 butt
1214 3481 1289 3554 nei=
1391 3483 1469 3556 Vss.
1485 3483 1559 3555 888
1573 3509 1627 3577 sq.
1678 3481 1752 3551 Alii
1772 3480 1835 3577 qui
1860 3492 1982 3549 arcent
2005 3479 2165 3548 animum
2189 3502 2209 3546 a
2232 3475 2337 3547 malis

295 3605 370 3660 uem
385 3582 496 3660 {latet
523 3586 659 3680 gebitl,
687 3588 950 3682 161ῧεί666169
968 3590 1133 3674 btettttttt,
1161 3584 1196 3678 iu
1214 3602 1289 3657 tous
1340 3588 1461 3673 factis,
1497 3587 1548 3657 illi
1572 3581 1708 3655 habent
1732 3599 1887 3654 matrem
1919 3576 2182 3678 paupertatis,]
2214 3578 2338 3662 idest,

294 3684 431 3786 betta),
457 3707 494 3764 tt
519 3692 578 3783 gell
605 3711 668 3765 nat
694 3691 778 3787 ttldfl
804 3691 985 3791 facttum
1012 3698 1090 3766 otta.
1342 3690 1665 3785 impossibilitatem
1690 3700 1785 3756 recte
1812 3685 1978 3757 faciendi.

397 3807 459 3881 Vs.
477 3808 564 3883 864.
594 3805 708 3884 Τῐσαί
730 3808 873 3911 pum]
896 3813 934 3884 id
951 3787 1174 3903 est,⁶punias
1187 3808 1289 3878 illum
1443 3792 1505 3864 Vs.
1520 3786 1608 3863 886.
1658 3789 1762 3881 Quae
1784 3799 1977 3907 paupertas
2002 3784 2100 3856 ducit
2117 3784 2278 3854 animum
2298 3781 2339 3850 in

292 3911 371 3984 sine
396 3913 468 3982 ulla
497 3912 735 3986 excusatione.
1110 3939 1114 3943 -
1341 3890 1502 3993 delicta]
1553 3892 1757 3985 Utrumque
1778 3892 1954 3982 significat
1974 3881 2185 3983 ἀμηχανία,
2209 3898 2244 3956 et
2265 3898 2339 3955 stu·

397 4013 459 4085 Vs.
480 4011 567 4088 866.
619 4012 755 4086 Cohibe
770 4030 948 4103 mentem,
972 4014 1121 4085 comitas
1145 4012 1291 4082 comite·
1342 3999 1468 4093 p'orem
1497 4008 1532 4067 et
1553 3982 1879 4090 impossibilitatem
1905 4004 1999 4062 recte
2021 3988 2186 4060 faciendi.
2236 3988 2339 4056 Salo-

294 4126 356 4188 tur
381 4115 540 4208 linguam
551 4121 578 4212 ,]
592 4119 628 4190 id
649 4132 719 4203 est,
746 4121 808 4215 qui
825 4120 1020 4216 alloquitur
1034 4114 1200 4188 homines
1214 4115 1291 4186 sine
1343 4125 1430 4172 mou
1444 4098 1508 4200 ⁸¹⁸):
1551 4099 1626 4172 Nec
1656 4097 1800 4169 divitias
1826 4121 1892 4166 nec
1922 4105 2169 4188 paupertatem
2194 4087 2337 4207 dederis

296 4218 501 4311 asperitate.
740 4244 744 4253 ·
1342 4201 1502 4275 mihine
1527 4217 1592 4275 etc.
1644 4200 1716 4272 Res
1738 4201 1911 4271 secundas
1938 4197 2129 4268 comitatur
2155 4192 2339 4312 negligen-

401 4320 538 4392 'l'imidi
566 4324 683 4394 solent
713 4325 928 4408 conviciari,
961 4322 1039 4419 (Vs.
1056 4320 1162 4419 866.)
1195 4320 1293 4390 timi·
1343 4307 1413 4393 tia,
1451 4308 1644 4378 comitatur
1678 4301 1787 4370 etiam
1818 4313 2066 4420 paupertatem
2096 4296 2339 4416 mendacrum,

297 4424 428 4493 dorum
453 4439 504 4498 est
527 4451 589 4496 cor
611 4428 847 4521 iracundius]
906 4427 1057 4519 Semper
1081 4422 1293 4497 multisunt
1344 4412 1429 4507 quia
1455 4422 1633 4500 coguntur
1653 4428 1829 4498 pauperes
1850 4429 1887 4475 se
1911 4404 2092 4475 inflectere
2116 4402 2161 4470 ad
2185 4401 2286 4471 alios.

297 4526 569 4614 obluctatores,
611 4531 693 4625 quia
726 4527 837 4602 homo
865 4543 996 4600 natura
1026 4540 1079 4599 est
1118 4526 1291 4621 quiddam
1443 4511 1522 4584 Vss·
1538 4507 1768 4583 887-691·
1817 4507 1963 4578 Potenti
1975 4507 2204 4588 necessitate,
2232 4504 2341 4575 audet

295 4627 514 4730 φθονερὸν,
535 4632 572 4701 id
601 4647 671 4719 est,
695 4634 856 4706 invidum
886 4633 925 4701 in
946 4628 1015 4702 hac
1036 4628 1292 4700 imbecillitate,
1343 4637 1420 4684 non
1443 4616 1566 4685 volens
1583 4613 1695 4683 multa
1713 4613 1886 4681 dedecora
1904 4612 2017 4695 ferre,
2044 4610 2171 4681 cedens
2185 4630 2341 4701 pauper·

1343 4717 1429 4802 tati,
1464 4741 1555 4812 quae
1577 4715 1689 4785 multa
1720 4713 1839 4806 turpia
1865 4714 1968 4784 docet
1998 4715 2203 4794 mendacia,
2237 4713 2339 4782 dece-

1342 4820 1506 4911 ptiones,
1531 4817 1753 4912 perniciosas
1772 4817 1865 4889 lites.
1913 4813 2014 4890 Nihil
2045 4816 2187 4886 videtur
2209 4814 2242 4883 ei
2264 4836 2340 4882 ma-

1343 4925 1431 4996 lum.
1504 4923 1582 4994 Pau
1611 4935 1705 4993 ertas
1728 4921 1883 4992 ostendit
1952 4921 2044 4991 ualis
2071 4920 2200 4988 natura
2223 4916 2343 4986 cuius-

332 5003 683 5128 ”zfssi‘ilssffissfflpss
702 5005 782 5072 (Μ’
801 5004 827 5056 ”
838 5006 911 5057 ⁸⁸⁸
930 5002 978 5068 κ’
995 4999 1014 5052 ⁵
1031 5001 1124 5066 ’Μ
1141 4999 1192 5052 m
1212 5000 1290 5054 Μ’
1344 5051 1414 5122 que
1430 4920 1494 5108 Ξίυ
1515 5040 1568 5098 est
1582 4949 1769 5097 i'orrectio.
1819 4947 2057 5095 Bodisqetiam
2070 5021 2110 5091 in
2124 5030 2340 5112 paupertate

332 5176 382 5238 ss)
401 5115 481 5231 coir,
498 5176 573 5228 aua
591 5178 667 5228 nm,
688 5180 713 5240 ι,
730 5174 821 5240 ⁵¹¹³·
1343 5132 1434 5201 bene
1458 5140 1529 5215 est,
1556 5132 1702 5224 quando
1729 5138 1921 5221 paupertas
1942 5126 2037 5218 capit
2058 5147 2153 5193 eum.

328 4902 381 4966 m
396 4902 480 4956 ΡΜ.
497 4900 545 4970 18,
560 4902 605 4955 20.

332 5278 382 5347 ω)
400 5281 539 5333 mmm·
558 5280 653 5332 '¹⁰⁰¹‘
672 5293 695 5331 ⁰·
714 5278 758 5332 ³²·
1377 5298 1426 5367 tt)
1442 5301 1503 5352 noo
1519 5295 1697 5363 proverbium
1717 5293 1802 5346 sus·
1825 5293 1946 5346 aarum
1961 5287 2087 5343 lustelu
2110 5289 2168 5342 1.1.
2188 5301 2213 5351 p.
2231 5285 2290 5338 118
2310 5288 2342 5335 et

330 5383 513 5446 8011111811]
531 5384 582 5437 litt.
602 5382 680 5434 1880.
696 5377 782 5436 teitu.
1413 5370 1541 5422 Slnroelr
1559 5370 1578 5418 l.
1595 5369 1614 5419 l.
1632 5381 1659 5430 p.
1673 5365 1716 5417 71.
1734 5377 1777 5419 ur.
1792 5362 1867 5416 1860.

333 5483 382 5552 aa)
399 5484 464 5555 μιν]
481 5486 524 5537 ne
540 5483 682 5547 nauseo.
702 5482 730 5530 ee
744 5481 865 5543 recogn
884 5478 1189 5546 mistress-taes.;
1205 5479 1290 5534 ruet,
1376 5457 1425 5516 ⁸⁴)
1441 5448 1701 5515 coronamur,
1720 5451 1763 5503 ¹⁴·

368 5561 473 5607 teuent.
492 5567 544 5605 νιν.
829 5558 850 5624 '¹
1377 5542 1427 5603 tt)
1445 5542 1528 5594 Prae.
1545 5538 1601 5607 1.
1616 5536 1643 5592 8.
