4784 6256
289 275 362 348 eea
809 220 813 229 ’
863 263 985 335 run.
1021 260 1134 332 aiat.
1169 252 1372 327 senum
1406 243 1741 327 annumeres„
1883 198 1898 215 ”
2246 246 2327 321 aaa

253 477 256 481 ·
288 444 385 522 Nam
404 434 588 531 Zephyrus
606 449 657 506 est
672 435 858 518 blandior,
887 446 922 503 et
937 432 1042 499 affert
1056 426 1189 498 halitus
1209 427 1282 514 soe·
1306 421 1311 441 '
1335 426 1459 495 rebus:
1488 420 1601 490 catido
1619 431 1653 486 et
1667 415 1826 534 hurnido.
1880 416 2070 500 Calidum,
2099 431 2150 488 est
2173 419 2232 487 ilie
2255 421 2328 511 spi-

296 526 496 615 ermdiores.
1335 528 1445 605 ritus,
1473 524 1534 615 qui
1553 533 1604 590 est
1619 516 1851 601 architectus,
1876 514 2066 589 humidum
2092 534 2144 592 est
2160 522 2326 595 materia.

401 643 461 712 Vs.
479 643 565 711 331.
597 647 705 712 Tener
717 633 852 734 humor]
880 637 1001 718 idest,
1027 627 1208 702 seminalis
1231 624 1283 692 vi·
1336 626 1439 716 Sata]
1470 626 1591 704 idest,
1616 623 1811 711 plantulae.

200 806 202 810 »
297 751 418 818 vificus
435 739 567 811 humor
582 741 830 832 suppeditatur
848 738 1030 815 omnibus,
1058 731 1178 802 omnia
1200 743 1283 797 tunc
1437 726 1498 797 Vs.
1516 722 1603 795 353.
1630 725 1769 814 Hiulca]
1796 725 1830 791 id
1850 735 1921 804 est,
1952 723 2054 813 lapis.
2106 722 2327 797 Nonsolum

298 845 503 934 concipiunt
523 839 712 911 humorem
739 842 873 911 exiliis
896 839 1035 910 blandis
1058 833 1224 903 vitalibus
1250 841 1285 898 et
1338 843 1434 923 arcet
1448 829 1600 907 imbres,
1628 827 1744 896 sedin
1772 849 1902 915 magno
1928 838 2027 894 aestu
2053 827 2138 893 facit
2158 831 2328 899 umbram

300 945 462 1019 iucundis
478 941 660 1013 halitibus.
1337 934 1540 1028 quandam,
1566 953 1611 996 ne
1630 929 1687 995 itta
1706 941 1799 995 terra
1816 941 1963 997 arescat.

401 1046 463 1116 Vs.
488 1047 574 1116 333.
627 1046 783 1136 Credere]
820 1045 857 1111 id
891 1054 961 1124 est,
1004 1036 1167 1129 gramina
1200 1046 1285 1103 tunc
1440 1031 1501 1117 Vs,
1519 1026 1605 1101 354.
1633 1031 1843 1115 Seminibus]
1869 1027 2057 1099 Decimum
2077 1030 2258 1122 quintum.

301 1160 473 1218 creseunt.
1438 1135 1499 1205 Vs.
1517 1129 1603 1203 359.
1629 1136 1819 1227 Parcaeque
1835 1133 2002 1225 bicornes]
2029 1134 2064 1202 id
2087 1145 2158 1214 est,
2185 1145 2328 1223 postea·

230 1245 233 1254 ’
401 1248 462 1318 Vs.
477 1248 563 1316 338.
607 1250 672 1315 Ver
698 1247 784 1314 illud
813 1246 903 1334 erat]
944 1242 1082 1320 idest,
1124 1260 1187 1305 ver
1219 1235 1286 1302 fuit
1340 1262 1447 1333 qnam
1465 1248 1653 1304 creverunt
1670 1238 1778 1323 vites,
1812 1246 1847 1300 et
1868 1236 1958 1302 aliae
1983 1237 2166 1327 plantulae
2189 1249 2327 1305 erectae

299 1350 516 1444 principium
533 1346 670 1416 mundi.
716 1344 758 1411 ln
773 1366 856 1415 vere
872 1344 1027 1413 mundus
1043 1353 1094 1410 est
1111 1338 1286 1419 conditus,
1338 1354 1452 1421 stant,
1477 1350 1561 1407 tunc
1575 1360 1755 1427 supponas
1770 1336 1894 1406 fulcra.

300 1455 338 1522 id
355 1453 452 1544 qnod
470 1475 593 1517 verum
610 1471 682 1517 esse
698 1459 836 1527 statuo,
863 1446 945 1537 quia
963 1441 1032 1511 boc
1048 1441 1221 1533 probatur
1245 1462 1288 1505 ex
1441 1441 1501 1511 Vs.
1517 1443 1602 1512 361.
1641 1436 1824 1536 Tabulata]
1851 1441 1888 1506 id
1914 1450 1984 1520 est,
2017 1453 2056 1509 ut
2082 1441 2163 1510 vitis
2187 1463 2327 1508 annexa

301 1555 385 1644 ipsis
409 1576 588 1620 annorum
613 1548 953 1638 computationibus·
1011 1540 1227 1613 ElHssbsssei
1254 1551 1288 1608 θῑ
1340 1549 1446 1620 ulmis
1462 1547 1629 1615 ascendat
1645 1554 1816 1634 tanquam
1833 1539 2045 1612 tabulatum.
2143 1542 2327 1630 Tabulata]

299 1654 468 1746 Aegyptii
492 1653 633 1720 initium
660 1651 786 1716 mundi
807 1650 845 1717 in
867 1672 950 1716 vere
973 1645 1213 1725 constituunt,
1254 1654 1289 1709 et
1340 1654 1377 1722 id
1391 1662 1462 1731 est,
1488 1671 1598 1715 nexus
1615 1645 1705 1714 illos.
2003 1720 2012 1732 ἱ

302 1780 438 1826 annum
460 1750 632 1822 inchoant
655 1750 693 1818 in
719 1775 822 1831 vere,
858 1749 941 1841 quia
965 1748 1191 1817 retinuerunt
1216 1743 1288 1834 pri·
1445 1749 1501 1820 Vs.
1519 1744 1604 1820 365.
1628 1752 1698 1820 Sed
1712 1749 1824 1838 uncie]
1851 1746 1888 1814 id
1904 1761 1967 1829 est,
1989 1747 2144 1836 primum
2158 1774 2234 1820 non
2249 1747 2328 1815 lau-

302 1884 402 1928 mum
425 1879 583 1936 mmm,
610 1855 790 1942 inceptum
814 1875 833 1918 a
859 1851 1040 1941 Patribus,
1074 1872 1139 1917 ¹¹0⁰
1160 1871 1288 1915 ⁰011V0·
1342 1857 1534 1936 dasserro,
1567 1853 1629 1921 sed
1652 1850 1830 1940 unguibus
1851 1853 2033 1939 decerpas,
2066 1851 2096 1919 si
2120 1853 2205 1942 quid
2229 1876 2327 1922 rese.

302 1959 399 2027 niret
429 1955 655 2046 supputatio,
695 1953 764 2022 nisi
795 1952 939 2021 initium
973 1953 1059 2020 anni
1089 1961 1289 2020 sumeretur
1342 1961 1496 2030 candum
1518 1956 1597 2023 erit.

304 2084 324 2126 a
352 2082 448 2128 vere·
1443 2057 1504 2129 Vs.
1522 2057 1609 2128 366.
1636 2054 1826 2144 Leyeaaae]
1854 2053 1972 2135 idest,
1996 2054 2235 2144 decerpendae
2257 2079 2326 2151 per

407 2159 467 2240 Vs.
490 2155 577 2227 339.
630 2157 817 2248 Hybernie]
856 2151 1009 2224 Pulchra
1047 2152 1288 2246 amplificatis.
1342 2167 1447 2236 vices.

304 2261 510 2351 parcebant]
537 2259 573 2326 id
589 2271 660 2338 est,
687 2283 761 2325 non
779 2259 963 2349 spirabant
980 2254 1076 2326 venti
1089 2251 1254 2349 hyberni.
1443 2246 1506 2332 Vs.¹
1522 2262 1607 2332 371.
1639 2264 1819 2331 Texendae
1839 2262 1945 2352 sepes]
1972 2260 2156 2331 Decimum
2175 2274 2326 2332 sextum,

408 2362 468 2433 Vs.
484 2358 569 2430 343.
611 2365 684 2429 Nee
707 2363 777 2452 ree]
809 2355 962 2429 Pulchra
989 2358 1216 2449 amplificatio
1245 2357 1289 2424 ab
1442 2365 1606 2436 Vs,372,
1632 2365 1885 2452 mmmm]
1913 2364 1946 2430 id
1967 2377 2036 2448 est,
2064 2366 2292 2450 vitistenerg,

305 2465 478 2545 utilitate,
506 2475 539 2530 et
553 2463 714 2552 loquitur
733 2467 776 2530 de
803 2462 940 2555 quiete,
974 2463 1073 2531 cuius
1097 2473 1189 2529 certe
1213 2482 1290 2527 ma·
1443 2468 1504 2539 Vs,
1519 2468 1605 2539 374,
1631 2466 2109 2557 sy1oe3t1·03ur5]ingenese
2126 2493 2192 2558 pro
2210 2465 2325 2533 omni.

305 2567 423 2635 ximae
440 2576 523 2635 sunt
536 2565 717 2633 utilitates.
768 2564 872 2634 Nulla
891 2588 946 2634 res
960 2577 1032 2648 est,
1059 2588 1150 2656 quae
1173 2573 1291 2654 posset
1342 2576 1407 2644 bus
1427 2573 1510 2642 seris
1529 2571 1648 2641 sumit,

304 2669 626 2758 ferreperpetuam
649 2666 880 2756 agitationem
904 2680 1050 2757 excepto
1074 2667 1185 2737 coelo.
1244 2663 1292 2733 Et
1405 2721 1407 2730 .
1444 2673 1683 2765 Vss‚37sssq,
1723 2676 1890 2741 Venenum
1909 2675 2034 2764 deneg]
2068 2675 2150 2765 quia
2176 2674 2265 2744 vites
2292 2684 2328 2740 eg

307 2769 434 2838 videtis
447 2765 611 2837 homines
628 2769 820 2836 maximam
839 2769 933 2837 vitae
948 2782 1086 2859 partem
1103 2768 1291 2858 dormien-
1344 2777 1528 2869 plantatae
1550 2789 1704 2846 uruntur
1728 2798 1849 2844 morsu
1872 2776 2050 2856 dentium,
2083 2776 2175 2844 sicut
2196 2798 2329 2865 caprae

308 2884 360 2941 tes
375 2895 497 2960 agere,
524 2871 561 2938 id
579 2873 676 2962 quod
694 2871 732 2938 in
748 2870 868 2962 pueris
884 2884 920 2940 et
933 2873 1077 2942 senibus
1100 2871 1291 2962 praecipue
1344 2905 1408 2953 suo
1427 2904 1550 2947 morsu
1567 2893 1676 2949 urant
1692 2879 1789 2950 vites.

308 2973 429 3042 videre
450 2975 543 3043 licet.
596 2971 669 3041 Aut
684 2986 776 3042 certe
798 2973 828 3044 si
852 2969 923 3065 hoc
944 2996 1019 3045 non
1043 2975 1197 3057 iaciunt,
1230 2972 1292 3040 diu
1446 2980 1504 3055 Vs.
1523 2982 1608 3055 380.
1635 2984 1765 3055 Baccho
1780 2981 1894 3069 eaper]
1920 2977 2003 3050 Ideo
2022 2999 2128 3066 caper
2142 2988 2329 3045 mactatur

308 3075 544 3153 nonvivusst‚
572 3073 800 3164 q¹¹0dfpsum
827 3073 934 3144 eliam
959 3090 1012 3146 0⁸1
1033 3076 1174 3166 Signum
1202 3075 1291 3144 filiae
1344 3082 1507 3168 Baccho,
1541 3088 1625 3180 quia
1651 3098 1755 3156 nocet
1776 3084 1917 3152 vitibus.
1983 3080 2118 3148 Dicunt
2139 3073 2328 3146 Bacchum

310 3187 477 3241 aeternae
495 3175 610 3252 vitae,
637 3186 672 3240 θῑ
688 3175 764 3262 ipse
789 3199 934 3244 somnus
957 3189 1008 3244 est
1033 3177 1153 3265 imago
1176 3200 1293 3248 resur·
1344 3188 1450 3260 fuisse
1467 3185 1681 3259 Thebanum
1698 3187 1914 3280 principem,
1940 3184 2001 3277 qui
2017 3180 2196 3249 invenerit
2216 3180 2329 3248 ratio·

310 3273 497 3354 rectionis,
532 3285 566 3339 et
580 3275 739 3361 proiecto
758 3271 865 3342 habet
880 3275 1010 3345 multas
1026 3277 1214 3360 utilitates,
1239 3280 1293 3346 iu·
1345 3315 1427 3360 nem
1444 3292 1584 3361 colendi
1599 3293 1742 3373 vineas,
1765 3290 1856 3361 sicut
1871 3289 1964 3380 apud
1979 3308 2043 3354 nos
2057 3281 2329 3352 colueruntUt.
2360 3348 2368 3355 ‚

311 3386 373 3441 vat
393 3373 681 3456 concoctionem,
715 3377 776 3443 dat
799 3375 953 3467 quietem
980 3379 1125 3446 cerebro
1154 3392 1188 3445 et
1215 3380 1292 3450 aliis
1345 3394 1476 3463 banum
1494 3419 1561 3486 pro
1579 3392 1776 3463 commodis
1792 3389 2078 3482 tempestatibus,
2110 3399 2146 3456 01
2167 3385 2241 3454 vidi
2262 3385 2328 3453 ali.

311 3476 492 3546 membsis·
525 3473 612 3544 hem
630 3477 1192 3570 5⁰⁵0¹¹¹¹¹⁰gignfflllursspisitus·
1223 3480 1293 3550 Re·
1346 3499 1490 3590 q‘uando
1523 3496 1743 3565 circumferri
1773 3508 1926 3564 statuam
1949 3491 2088 3560 Urbani
2116 3513 2136 3558 a
2168 3486 2326 3564 rusticis3

269 3632 272 3640 .
311 3590 460 3647 vocatur
477 3579 570 3648 enim
588 3581 684 3649 calor
701 3584 746 3648 ad
762 3581 932 3649 interiora
949 3583 1080 3673 duplici
1106 3584 1150 3651 do
1176 3606 1292 3664 causa,
1345 3623 1424 3667 cum
1444 3612 1560 3669 autem
1577 3599 1693 3669 subito
1712 3599 1867 3667 oriretur
1881 3618 2009 3686 magna
2025 3605 2221 3685 tempestas,
2237 3613 2326 3681 pro·

310 3693 352 3752 ut
380 3682 525 3754 adiuvet
552 3684 647 3753 intus
678 3683 973 3773 gubernationem
1005 3685 1215 3775 spirituum,
1259 3699 1294 3754 et
1344 3700 1503 3769 iecerunt
1517 3701 1553 3768 in
1566 3686 1843 3791 paludaejpsum
1860 3699 2061 3768 Urbanum.

311 3787 481 3854 concedat
496 3787 594 3855 sessis
610 3786 779 3853 membris
794 3784 960 3877 quietem.
1063 3791 1293 3887 Rectenepae]
1445 3800 1610 3874 Vs.382.
1637 3803 1874 3897 Praemiaque]
1900 3801 2021 3884 idest,
2046 3821 2202 3890 caprum.
2234 3791 2330 3862 inde

311 3887 435 3969 idest,
458 3899 863 3955 0¹1¹1¹⁰⁵10⁸¹1²¹⁵⁰⁰¹¹¹⁰⁵·
1346 3902 1599 3975 etiamdicitur
1622 3906 1825 3997 tragoedia,
1859 3904 1991 3973 scilieet
2016 3905 2061 3971 ab
2086 3898 2206 3984 hirco,
2240 3901 2326 3994 quia

346 4036 348 4041 ,
412 3985 473 4055 Vs.
491 3983 578 4055 346.
606 3989 700 4069 Quod
723 3990 888 4080 superest]
913 3986 1101 4057 Decimum
1125 4003 1292 4082 quartum
1346 4002 1778 4100 hircussuitpr4,e„,1„m‚
1832 4009 2026 4079 comoedia
2051 4007 2181 4075 dicitur
2209 3996 2327 4074 amd-

312 4088 356 4154 de
372 4087 643 4171 δῑθῐθθῐῦῑῖθῦθε
1128 4192 1136 4209 ι
1344 4135 1396 4203 μη
1405 4107 1472 4207 ³⁰),
1499 4109 1535 4178 id
1550 4124 1618 4195 est,
1645 4113 1784 4204 platea,
1811 4110 1893 4204 quia
1912 4111 1949 4178 in
1966 4111 2109 4201 publico
2132 4122 2168 4177 et
2189 4107 2226 4174 in
2242 4129 2328 4175 con-

413 4186 474 4259 VS·
491 4187 577 4258 348·
604 4193 676 4258 Μ
697 4189 839 4279 lapidem
860 4192 1022 4284 bibulum]
1046 4190 1178 4284 I²²¹P¹lli
1201 4194 1293 4264 5⁰⁵⁰·
1345 4214 1447 4283 viviis
1463 4209 1499 4281 bi
1513 4214 1589 4283 ludi
1605 4216 1771 4284 celebrati
1786 4227 1879 4283 sunt.
2207 4207 2208 4210 Ἴ

312 4301 441 4360 runtur
454 4292 490 4360 in
508 4293 668 4376 scrobes,
695 4304 735 4360 ut
750 4305 894 4361 maneat
910 4295 1013 4389 quasi
1029 4297 1162 4367 cavitas
1185 4320 1292 4391 quae·
1444 4315 1505 4383 vs,
1522 4316 1608 4385 383,
1635 4318 1829 4407 mmmm]
1856 4316 1892 4385 id
1907 4327 1977 4397 est,
2002 4311 2179 4383 Thebani.

312 4394 415 4478 dam,
453 4407 492 4464 ut
525 4396 651 4466 melius
684 4394 796 4485 possit
829 4398 1014 4489 concipere
1048 4393 1200 4470 halitum
1231 4398 1291 4468 illa
1446 4415 1505 4485 Vs.
1531 4417 1617 4485 387.
1659 4420 1859 4511 corticibus]
1899 4419 1935 4485 id
1968 4428 2037 4500 est,
2076 4426 2222 4486 sumunt
2246 4434 2335 4501 per·

312 4495 483 4588 plantula.
534 4495 621 4567 Item
637 4497 689 4564 illi
704 4496 818 4587 lapilli
833 4512 955 4567 arcent
970 4500 1141 4590 pluviam.
1344 4539 1461 4587 mnas.

414 4598 473 4669 Vs.
490 4596 576 4670 350.
612 4600 757 4690 Tolleut]
789 4599 827 4667 id
849 4612 920 4681 est,
953 4602 1172 4690 spiramenta
1197 4625 1293 4671 acce·
1445 4617 1506 4687 Vs.
1525 4617 1611 4689 389.
1639 4622 1780 4716 oscilla]
1815 4620 1851 4688 id
1877 4632 1947 4704 est,
1982 4642 2169 4712 personas,
2195 4616 2332 4697 larvas,

312 4702 421 4783 dunt,
464 4715 499 4769 et
519 4703 691 4770 adiuvant
713 4714 916 4769 nascentem
948 4702 1167 4792 plantulam,
1207 4703 1291 4796 quia
1344 4719 1599 4811 imagunculae,

276 4866 279 4871 ,
314 4803 504 4872 omnis'res
522 4801 773 4894 aliturspiritu
790 4826 852 4871 seu
874 4797 999 4873 halitu.
1064 4803 1163 4874 Sicut
1185 4807 1291 4874 etiam
1448 4819 1505 4892 Vs.
1523 4820 1609 4892 394.
1635 4824 1739 4913 Liba]
1766 4822 1801 4890 id
1818 4836 1889 4906 est,
1922 4825 2113 4914 placentas.
2199 4823 2206 4829 ⁴

313 4903 490 4974 innostro
509 4928 658 4995 corpore
679 4901 824 4995 spiritus
847 4904 965 4974 vitalis
989 4918 1042 4975 est
1065 4907 1210 4999 quidam
1232 4930 1292 4976 va·
1446 4941 1506 5012 vs·
1523 4941 1609 5013 395·
1637 4938 1809 5039 popum]
1833 4966 1853 5010 a
1883 4942 2027 5035 Cotylo,

312 5006 669 5123 pqr⁵⁸¹¹fl³mmul³³
707 5004 767 5071 ina
793 5005 902 5123 ‘imit
926 5030 990 5124 Per
1012 5020 1128 5078 mmm
1154 5032 1293 5128 ‘mni’
1446 5058 1507 5130 Vs.
1522 5059 1598 5130 397
1635 5062 1828 5152 Metione]
1854 5059 2039 5128 Decimum
2066 5058 2256 5150 septimum
2281 5057 2336 5126 de

314 5107 454 5200 ahtur,
466 5120 684 5179 sustentatur
697 5130 889 5197 sanguine,
916 5120 1006 5178 sieut
1024 5109 1207 5180 flammula
1230 5112 1294 5179 alr·
1600 5111 1610 5140 ¹

313 5221 374 5277 tur
386 5233 465 5279 cera
482 5223 517 5280 et
533 5211 630 5279 oleo:
665 5209 714 5278 sic
736 5208 773 5276 in
797 5209 965 5299 plantulis
987 5224 1039 5281 est
1059 5208 1189 5282 halitus
1216 5214 1293 5305 qui.
1344 5159 1521 5234 f⁰d¹⁰¹¹d¹⁸
1539 5188 1662 5234 V¹¹¹²¹⁵·

314 5311 417 5394 dam3
455 5313 514 5381 ille
537 5311 633 5403 rapit
657 5323 813 5380 exterra
839 5305 1048 5398 humorem,
1090 5338 1163 5407 quo
1187 5315 1294 5385 alitur

314 5428 381 5486 etc.
447 5413 581 5484 Omnia
603 5412 785 5483 nascentia
809 5423 973 5482 constant
995 5439 1037 5485 ex
1061 5416 1131 5487 illis
1157 5417 1294 5488 duabus
1366 5446 1429 5553 a)
1446 5446 1539 5520 mam]
1556 5453 1598 5505 ue
1616 5450 1729 5516 scripu,
1761 5446 1810 5498 ῃ,
1826 5447 1900 5498 latr.
1918 5443 2010 5512 „pm
2028 5443 2159 5511 [mm
