4784 6256
191 275 268 357 m
706 269 707 272 ‘
796 273 919 347 anu..
953 274 1067 347 nas.
1103 275 1307 353 senum
1338 275 1675 351 ruuoaoctcs
1762 224 1767 237 ⁶

193 455 380 549 magnifice
402 455 445 522 de
470 477 507 523 se
530 450 689 522 sentiunt
712 473 753 518 ac
778 448 1004 541 praedicant:
1048 448 1181 542 ubique

194 559 310 630 videri
325 559 452 627 volunt
467 578 635 647 regnare,
668 553 707 620 in
731 551 843 635 aulis,
874 551 912 618 in
935 549 1113 635 consiliis,
1145 549 1183 618 in

104 700 107 705 2
195 666 302 733 rebus
325 660 491 728 omnibus
515 656 697 749 gerendis,
739 652 950 747 praesertim
972 652 1035 722 ubi
1057 678 1094 723 se
1118 677 1183 745 pu-

195 778 274 835 tant
290 765 327 831 in
345 774 423 830 tuto
440 784 525 830 esse.

295 898 342 965 lli
358 899 396 965 in
410 896 560 987 privatis
581 894 734 986 negotiis
758 890 900 962 ridiculi
925 903 1027 973 sunt,
1060 903 1101 961 ut
1122 886 1184 958 hic

193 1006 231 1071 in
250 1001 370 1070 fabula
388 995 550 1079 Thraso,
582 1010 616 1067 et
632 998 727 1088 apud
745 996 913 1065 Plautum
929 993 1033 1063 Miles
1051 993 1183 1085 glorio-

193 1130 271 1181 sus;
306 1106 367 1173 sed
394 1103 432 1168 in
457 1099 638 1191 republica
658 1100 848 1192 siquando
865 1098 1066 1186 imperant,
1102 1120 1183 1187 per-

192 1206 340 1288 niciosi,
367 1218 402 1273 et
427 1216 574 1294 propter
597 1201 805 1282 stultitiam,
844 1212 878 1266 et
899 1210 1048 1290 propter
1069 1198 1182 1266 ambi-

192 1312 351 1388 tionem,
378 1305 492 1400 qualis
506 1305 770 1394 propemodum
791 1300 898 1371 fuisse
913 1300 1092 1370 Antonius
1108 1301 1182 1370 Ro-

191 1436 271 1481 mae
294 1409 456 1490 videtur,
502 1419 536 1474 et
557 1406 680 1500 quales
703 1427 800 1474 nunc
821 1416 975 1494 regnant
998 1403 1102 1499 multi
1128 1403 1182 1470 in-

191 1516 288 1584 docti
323 1525 358 1580 et
383 1511 609 1601 impudentes
639 1502 806 1578 homines
835 1506 874 1574 in
902 1505 1044 1595 templis
1081 1518 1116 1574 et
1143 1505 1181 1572 in

191 1614 434 1685 concionibus.
487 1696 492 1705 Ἴ

294 1750 417 1844 ltaque
434 1748 623 1837 diligenter
642 1741 699 1814 hic
718 1746 983 1836 cognoscendus
999 1756 1050 1813 est
1064 1739 1180 1811 Thra-

192 1881 253 1939 so,
292 1867 334 1923 ut
363 1852 477 1921 odisse
502 1848 747 1938 arrogantiam
780 1872 822 1915 ac
845 1847 1041 1914 vanitatem
1067 1846 1180 1916 disca-

189 1983 281 2028 mus.
348 1953 485 2022 Rivalis
515 1945 714 2021 Thrasonis
741 1950 887 2041 lingitur
916 1948 1061 2040 ingenio
1094 1949 1181 2019 satis

190 2064 289 2131 bono
305 2081 402 2139 esse,
428 2058 488 2126 sed
515 2053 563 2121 ita
588 2052 798 2123 immutatus
817 2076 940 2120 amore
962 2052 1180 2134 meretricio,

190 2176 322 2233 utnon
342 2178 554 2248 cognoscas,
582 2155 722 2248 inquit,
757 2156 910 2224 eundem
936 2178 1021 2225 esse.
1081 2153 1181 2247 Quid

190 2277 310 2334 autem
344 2259 484 2350 turpius
518 2268 589 2339 est,
632 2281 740 2350 quam
765 2257 815 2325 ita
836 2255 933 2324 vinci
959 2280 1101 2342 amore,
1140 2271 1181 2327 ut

190 2365 294 2461 quasi
308 2374 475 2430 naturam
489 2370 651 2429 nostram
675 2359 812 2431 exuisse
837 2359 1049 2430 videamur?
1109 2359 1179 2431 Sed

188 2464 298 2537 habet
311 2463 446 2555 primas
457 2456 598 2530 Thraso
613 2461 652 2530 in
670 2459 738 2532 hac
754 2462 887 2546 fabula,
915 2463 972 2534 cui
988 2462 1178 2533 ideoGna·

187 2564 336 2637 thonem
353 2566 473 2649 addit,
499 2578 539 2633 ut
553 2564 692 2635 latuum
710 2577 745 2634 et
761 2565 933 2638 insulsum
957 2567 1178 2635 ardelionem

187 2669 318 2740 clarius
335 2669 561 2761 depingeret,
587 2667 802 2760 exagitatum
821 2681 857 2738 et
874 2669 1031 2739 derisum
1055 2670 1101 2739 ab
1124 2694 1178 2740 as·

188 2785 380 2844 sentatore.
447 2770 495 2840 Et
526 2769 610 2866 quia
644 2772 749 2865 quasi
781 2772 921 2864 gemina
956 2773 1076 2844 fabula
1113 2784 1176 2856 est,

185 2876 429 2947 discernamus
444 2874 603 2967 pericula
620 2886 657 2944 et
671 2875 785 2946 exitus
800 2876 986 2973 utriusque
1002 2873 1125 2968 partis.

288 3011 448 3084 Protasis
467 3024 538 3082 est:
565 3007 698 3097 Thais,
722 3024 763 3083 ut
784 3027 995 3109 extorqueat
1017 3038 1037 3082 a
1061 3013 1175 3084 milite

182 3114 341 3209 puellam
358 3116 485 3196 civem,
512 3115 691 3205 promittit
705 3115 737 3183 ei
751 3139 787 3185 se
804 3118 961 3186 futuram
980 3118 1076 3206 apud
1093 3141 1174 3187 eum

185 3217 325 3309 aliquot
352 3217 446 3292 dies;
488 3215 597 3307 idque
626 3229 666 3283 ut
697 3219 868 3288 concedat
886 3214 1085 3302 Phaedria,
1116 3220 1175 3288 vix

184 3317 330 3387 tandem
347 3316 574 3405 impetratur.
625 3315 710 3383 Fuit
727 3316 821 3384 enim
842 3320 963 3388 rivalis
989 3322 1174 3392 addendus

182 3415 365 3489 Thrasoni
381 3416 583 3509 potentior,
609 3418 744 3509 utplus
761 3433 850 3489 esset
874 3420 912 3488 in
935 3421 1054 3491 fabula
1079 3423 1173 3514 peri-

182 3523 345 3594 culorum
363 3534 396 3591 et
410 3517 604 3591 varietatis.

281 3659 437 3753 Epitasis
462 3675 529 3733 est:
567 3658 657 3731 Cum
683 3662 730 3732 ad
753 3660 902 3732 militem
927 3661 1027 3731 venit
1048 3656 1171 3746 Thais,

180 3765 328 3839 accersit
344 3767 491 3835 fratrem
515 3764 676 3855 puellae,
710 3777 750 3834 ut
773 3789 855 3835 eum
879 3767 923 3835 de
950 3789 1074 3837 sorore
1098 3790 1171 3836 cer·

178 3869 309 3939 tiorem
325 3870 463 3937 reddat.
515 3861 681 3945 Thraso,
702 3864 785 3957 quia
806 3879 910 3957 putat
930 3867 999 3938 sibi
1021 3868 1169 3939 rivalem

179 3971 395 4046 adductum,
421 3959 677 4035 stomachatur.
713 3966 834 4056 Quare
850 3968 1000 4039 discedit
1013 3971 1058 4039 ab
1076 3969 1169 4040 irato

180 4065 305 4140 Thais.
363 4062 414 4133 lbi
432 4064 526 4132 redit
542 4064 643 4134 miles
666 4080 912 4157 oppugnatum
931 4072 1040 4142 ,aedes
1058 4068 1170 4141 Thai-

179 4172 254 4256 dis,
280 4191 417 4259 magno
429 4190 509 4236 cum
525 4167 693 4240 tumultu.
1148 4200 1154 4211 ·

282 4300 517 4398 Catastrophe
531 4302 684 4376 ridicula
706 4320 778 4379 est:
813 4306 955 4381 Omissa
982 4332 1168 4403 oppugna·

176 4407 298 4493 tione,
319 4405 461 4481 Thraso
476 4409 515 4479 lit
530 4409 679 4502 supplex
692 4407 846 4496 Thaidi,
873 4427 909 4483 et
922 4409 1068 4485 Gnatho
1085 4439 1166 4488 eum

178 4511 230 4581 ita
254 4513 422 4583 describit
447 4508 668 4598 Phaedriae,
712 4527 754 4586 ut
780 4515 810 4587 is
834 4515 1009 4608 intelligat
1030 4518 1098 4589 sihi
1121 4521 1166 4589 ab

177 4609 247 4685 hoc
263 4616 369 4696 rivali
386 4610 478 4684 nihil
495 4640 568 4688 esse
591 4617 752 4708 periculi.
812 4617 934 4710 Quare
951 4621 1001 4691 sic
1019 4622 1167 4692 discedit

175 4704 363 4803 mites‚'ht
376 4743 413 4790 se
430 4743 573 4814 quoque
596 4714 744 4790 haerere
759 4719 798 4787 in
813 4722 932 4816 aliqua
947 4735 1049 4814 parte
1069 4726 1165 4817 apud

177 4815 356 4899 Thaidem
378 4821 592 4906 arbitretur,
636 4835 744 4918 atque
767 4817 836 4894 hoc
860 4850 925 4896 suo
961 4849 1082 4897 errore
1111 4827 1165 4897 in-

176 4924 281 4994 terim
295 4920 406 4995 homo
422 4925 593 5008 stolidus,
618 4927 743 4998 beatus
759 4938 822 4999 est.

274 5059 396 5130 Altera
422 5057 580 5153 Epitasis
609 5071 676 5130 est:
714 5054 872 5130 Chaerea
900 5085 967 5155 pro
986 5058 1163 5136 Eunucho

174 5163 222 5232 ad
236 5157 414 5234 Thaidem
429 5166 623 5247 deductus,
647 5163 775 5234 vitium
793 5164 899 5233 offert
915 5163 1058 5256 virgini.
1093 5167 1164 5238 Sed

174 5263 411 5361 Catastrophe
444 5268 537 5336 laeta
573 5279 636 5338 est.
711 5266 805 5338 Nam
838 5268 978 5359 puella,
1023 5281 1163 5362 postea·

173 5393 282 5460 quam
308 5394 389 5440 eam
411 5369 640 5461 comperiunt
668 5391 740 5441 esse
772 5369 905 5455 civem,
945 5373 1162 5446 datur‘uxor

173 5465 365 5543 Chaereae.
466 5509 474 5565 ;

1399 414 1626 541 Prologus
1651 448 1696 517 in
1721 448 1990 524 Eunuchum
2010 455 2075 553 17).
2105 436 2109 443 .
2172 522 2175 533 ,

1286 580 1431 651 Salvere
1447 583 1553 654 iubeo
1570 596 1788 675 spectatores
1806 587 1982 678 optimos,

1287 682 1360 775 Qui
1376 709 1500 756 scenae
1518 689 1702 755 ornandae
1719 688 1920 762 confluxere
1942 695 2082 785 gratia,

1285 785 1427 857 Favore
1443 802 1567 859 nostra
1584 790 1701 860 studia
1718 803 1758 859 ut
1773 794 1925 864 excitent
1937 820 2027 883 suo,

1286 888 1463 984 Artesque
1478 887 1647 962 honestas
1664 905 1699 961 et
1710 893 1864 986 benigne
1880 897 2109 991 provehant,
2166 906 2170 913 ’

1286 991 1562 1088 Autoritateque
1579 1008 1618 1063 ut
1635 1006 1805 1065 tueantur
1820 995 1916 1070 hunc
1930 1025 2098 1098 gregem,

1291 1093 1366 1187 Qui
1383 1097 1542 1168 scenicos
1556 1099 1660 1168 ludos
1678 1099 1854 1169 industria
1872 1128 1936 1173 sua

1284 1194 1457 1267 Instruxit
1472 1195 1540 1270 hac
1557 1202 1595 1268 in
1609 1200 1697 1269 urbe
1713 1202 1871 1293 primus,
1896 1219 1937 1276 ut
1952 1208 2041 1282 iocis

1285 1299 1499 1395 salibusque
1512 1317 1707 1396 personent
1721 1300 1809 1375 haec
1822 1308 1962 1400 pulpita
1979 1311 2131 1400 Atticis,

1285 1399 1334 1470 Et
1351 1405 1525 1477 barbaros
1542 1407 1686 1498 plorare
1701 1409 1823 1492 iussit,
1849 1412 1987 1485 fabulas

1285 1504 1424 1576 Efferre
1442 1509 1503 1601 qui
1521 1511 1691 1578 vetabant
1704 1511 1742 1577 in
1754 1517 2004 1604 proscenium,
2164 1594 2167 1599 ,

1285 1607 1389 1700 Quae
1405 1610 1571 1682 cultiores
1588 1613 1758 1682 iuvenum
1772 1639 1893 1687 mores
1910 1621 2115 1698 redderent.

1284 1709 1542 1783 Terentianum
1561 1738 1706 1806 agemus
1722 1715 2084 1810 Eunuchummodo,

1285 1812 1388 1905 Quae
1402 1816 1540 1889 fabulas
1553 1817 1700 1888 Latinas
1717 1820 1829 1890 vincit
1843 1836 1998 1897 caeteras

1285 1915 1470 1989 Sermonis
1485 1921 1660 2014 elegantia
1680 1933 1714 1990 et
1728 1924 1881 2010 facetiis,

1281 2018 1349 2088 Vel
1365 2021 1441 2113 ipse
1455 2049 1544 2118 quas
1560 2025 1704 2094 Momus
1722 2026 1868 2097 miretur
1882 2053 1923 2098 ac
1937 2032 2083 2122 probet;

1284 2121 1421 2218 illoque
1437 2128 1569 2197 sentiat
1582 2127 1710 2198 tinctas
1725 2129 1816 2214 sale,
1839 2157 1908 2226 quo
1925 2145 2039 2204 satam

1283 2226 1461 2297 Amorum
1478 2244 1513 2301 et
1526 2230 1776 2302 illecebrarum
1794 2247 1945 2305 matrem
1960 2239 2124 2311 omnium

1283 2328 1460 2400 Venerem
1473 2336 1605 2405 ferunt.
1655 2333 1726 2404 Sed
1740 2361 1935 2431 corrugare
1952 2342 2095 2414 tetricos

1284 2431 1471 2527 Quosdam
1485 2437 1612 2508 videtis
1629 2461 1754 2523 nares,
1780 2440 2030 2514 immodestiae

1281 2534 1329 2604 Hi
1346 2537 1467 2634 nos¹⁸)
1484 2554 1669 2626 accusant,
1695 2542 1735 2610 iu
1750 2539 1931 2617 theatrum
1952 2549 2052 2642 quod
2067 2549 2167 2637 iocos

1280 2638 1450 2710 Proferre
1468 2644 1653 2714 liberiores
1668 2648 1778 2739 paulo
1795 2649 1873 2720 ausi
1890 2676 2036 2737 sumus,

1280 2741 1474 2839 Morsaque
1490 2748 1728 2818 criminantur
1742 2751 1861 2821 vitiari
1875 2753 1992 2826 bonos
2069 2774 2072 2779 '

1280 2845 1417 2916 Parum
1434 2852 1565 2923 severis
1580 2851 1683 2922 dictis
1697 2865 1802 2947 atque
1816 2855 1960 2927 lusibus.

1280 2948 1351 3019 Sed
1368 2975 1390 3020 o
1406 2976 1568 3027 censores
1587 2978 1730 3048 asperos
1745 2969 1779 3024 et
1793 2980 2003 3049 pergraves,

1279 3051 1372 3145 Qui,
1414 3060 1511 3148 quod
1535 3054 1801 3153 reprehendunt
1824 3060 1863 3128 in
1883 3055 2047 3147 theatro,
2091 3066 2175 3139 luds

1639 3161 1757 3245 dorni,

1278 3253 1327 3327 Et
1343 3256 1470 3331 Curios
1485 3261 1674 3350 simulant,
1699 3264 1827 3336 vivunt
1840 3260 2095 3341 Bacchanalia.

1277 3356 1427 3432 Ludunt
1442 3377 1589 3455 poetae;
1615 3380 1653 3437 at
1666 3368 1763 3440 lusus
1781 3369 1833 3438 illi
1850 3369 1943 3440 seria

1276 3461 1442 3550 Ducunt,
1468 3466 1646 3563 simulque
1663 3495 1803 3542 morum
1824 3475 1974 3542 tradunt
1990 3474 2131 3566 optima

1275 3565 1380 3638 Vitae
1395 3585 1604 3663 praecepta,
1629 3585 1670 3643 ut
1679 3570 1776 3644 nihil
1791 3575 1919 3646 melius
1934 3575 2048 3646 Solon

1275 3667 1350 3739 Aut
1363 3673 1519 3743 sanctius
1534 3676 1664 3749 tabulis
1679 3678 1901 3770 inscripserit
1916 3680 2051 3757 aeneis;

1274 3773 1345 3842 Sed
1360 3798 1522 3867 asperam
1539 3789 1661 3849 tamen
1676 3782 1846 3853 virtutem
1863 3782 2031 3851 condiunt
2077 3798 2081 3804 '

1273 3875 1548 3953 Iucundioribus
1562 3882 1756 3968 illecebris,
1782 3897 1823 3954 ut
1840 3886 1956 3956 solent

1275 3980 1428 4067 Medici,
1454 3984 1575 4054 daturi
1589 3988 1710 4078 pueris
1726 4000 1816 4057 tetra
1834 3983 2045 4083 absynthia,

1274 4082 1365 4155 Cum
1381 4086 1486 4157 melle
1506 4090 1602 4161 dulci
1619 4102 1654 4160 et
1666 4085 1836 4161 saccharo
1852 4091 2001 4162 irritant
2017 4090 2156 4183 gulam.

1273 4184 1466 4260 Facessant
1480 4214 1566 4283 ergo
1581 4193 1698 4288 iniqui
1714 4195 1865 4267 audaces
1880 4190 1964 4264 hinc
1981 4194 2133 4287 procul,

1271 4290 1322 4360 Ut
1338 4292 1567 4387 aequioribus
1580 4297 1763 4388 spectandi
1778 4300 1864 4367 dent
1880 4298 2012 4368 locum.

1270 4390 1346 4464 Nos
1361 4396 1495 4486 publici
1511 4400 1696 4494 nostrique
1713 4424 1817 4470 causa
1833 4399 2017 4470 commodi

1271 4494 1529 4569 Terentianam
1548 4526 1692 4594 agemus
1707 4498 1921 4574 Eunuchum
1938 4504 2073 4585 modo,

1269 4596 1352 4692 Qua
1366 4600 1558 4674 barbaram
1573 4602 1771 4679 Thrasonis
1790 4607 2036 4700 arrogantiam

1218 4775 1423 4788 nnn-...amom-

1256 4866 1300 4933 17)
1321 4868 1374 4918 tttc
1393 4872 1541 4934 prologos,
1569 4880 1648 4935 quen
1665 4871 1824 4922 Manethon
1847 4872 1873 4922 d.
1892 4872 1935 4925 n.
1950 4872 2008 4923 tan·
2030 4872 2109 4927 tm.
2137 4872 2175 4924 11

1288 4937 1449 4990 camerario
1474 4950 1544 5000 suo,
1575 4940 1604 4988 tn
1623 4940 1753 5005 Prologts
1776 4942 1884 5005 attquot
1907 4941 2129 5038 stupuerim
2149 4955 2175 4993 es

1286 5005 2175 5146 attitultttttthfthtttwstt

1286 5146 1373 5206 ptum.
1408 5149 1507 5199 hstes
1525 5153 1674 5209 presteras
1689 5149 1719 5200 tn
1731 5149 1796 5199 ttst.
1811 5148 1880 5211 opp.
1898 5150 1983 5202 Bastt.
2001 5149 2058 5216 ἵ,
2075 5151 2175 5204 Gratti

1285 5216 1351 5266 sort.
1364 5215 1477 5283 usta,
1500 5217 1581 5280 corp.
1594 5218 1655 5270 lter.
1669 5219 1723 5282 L,
1743 5219 1854 5269 versut.
1867 5219 1953 5275 11111.
1970 5219 2104 5283 1511111,
2123 5221 2175 5271 tot

1286 5283 1373 5349 ¹548,
1394 5284 1469 5339 teet.
1483 5311 1518 5325 ··-
1534 5286 1566 5337 tr
1579 5286 1720 5339 thomtti
1739 5288 1848 5339 collect.
1860 5286 2028 5354 higrm
2041 5290 2109 5343 let.
2124 5290 2175 5340 sss

1252 5368 1296 5434 18)
1312 5374 1382 5430 uos]
1407 5369 1795 5441 nosocomorum,
1827 5374 1941 5439 Protog.
1958 5374 2044 5440 utiq,
2077 5370 2175 5429 orasti

1283 5440 1564 5565 {25:211kath
1582 5441 1657 5494 tut).
1677 5445 1723 5509 u,
1751 5442 1846 5508 tm,
1872 5443 1966 5510 toth,
1991 5443 2091 5503 rosta
2128 5446 2175 5500 θοι
