4778 6240
179 299 261 373 698
496 291 499 296 ’
638 291 741 366 xcu.
800 291 1085 367 unaunarlo
1118 290 1481 367 conflantem
1514 286 1755 364 rmtnuss.
2046 342 2051 349 ·
2129 294 2207 367 694

182 483 314 552 natur,
346 480 382 538 et
401 480 480 537 tum
501 488 588 534 vero
612 464 769 556 placebit
783 462 993 545 Terentius,
1019 463 1082 532 ubi
1096 486 1170 534 sae·
1219 462 1368 545 dicitur,
1394 463 1494 556 quod
1508 462 1592 532 illiti
1607 462 1764 534 faecibus
1777 463 1956 556 primum,
1980 477 2064 554 post
2084 488 2205 556 pem.

182 571 329 665 pissime
343 566 440 639 hunc
453 580 489 637 et
505 567 686 638 audierint
701 580 738 638 et
751 565 942 656 relegerint
958 565 1119 636 studiosi.
1220 564 1296 635 nati
1321 565 1508 635 canebant.
1871 596 1874 601 ·

402 735 465 806 De
489 733 671 828 duplici
697 732 950 804 comoedia.
1373 731 1434 802 De
1459 724 1673 804 utilitate
1699 732 2051 804 comoediarum.

193 956 196 965 Ι
263 861 396 951 ‘vetus
417 869 604 941 comoedia
623 881 701 941 erat
720 891 866 939 carmen
888 868 1071 963 quoddam
1095 891 1170 936 non
1323 867 1376 938 Ex
1393 869 1545 939 lectione
1573 867 1840 937 comoediarum
1862 867 2024 937 Terentii
2047 870 2205 959 primum

181 974 353 1067 dissimile
369 972 586 1065 tragoediae,
605 994 677 1065 quo
693 971 840 1042 liberius
853 971 1067 1041 taxabantur
1083 967 1169 1051 vitia
1220 972 1374 1063 petenda
1403 983 1456 1041 est
1492 972 1670 1064 quaedam
1704 970 1807 1064 quasi
1835 970 1957 1042 tabula
1978 971 2134 1058 Apellis,
2168 975 2207 1044 in

182 1077 386 1160 hominum,
411 1088 446 1145 et
463 1070 589 1144 babuit
604 1096 678 1142 non
695 1085 834 1145 tantum
852 1074 931 1142 licta
949 1069 1170 1164 argumenta,
1210 1095 1291 1166 ¹qua
1307 1074 1598 1161 demonstrantur
1614 1072 1734 1143 variae
1749 1072 1911 1163 picturae
1926 1084 1962 1143 et
1973 1073 2206 1151 consiliorum

182 1185 244 1253 sed
258 1180 438 1249 interdum
456 1177 562 1245 etiam
580 1192 637 1245 res
653 1187 788 1264 gestas,
814 1199 906 1269 quae
928 1198 1008 1244 cum
1032 1196 1170 1257 eorum,
1221 1188 1256 1243 et
1273 1187 1464 1247 eventuum
1480 1170 1745 1258 humanorum,
1768 1187 1845 1245 tum
1864 1174 1972 1245 etiam
1992 1176 2205 1262 officiorum,

184 1283 246 1379 qui
260 1293 461 1374 gesserant,
485 1278 634 1348 nomine
658 1278 952 1347 decantabantur.
1012 1270 1070 1344 lbi
1088 1301 1168 1345 cum
1220 1277 1380 1369 quaein
1407 1300 1699 1372 unamquamque
1729 1299 1919 1367 personam
1956 1301 2020 1349 seu
2049 1291 2201 1351 aetatem

182 1384 345 1480 plerique
361 1406 404 1453 ex
424 1382 539 1479 poetis
562 1404 629 1473 pro
649 1379 798 1449 libidine
821 1379 952 1449 multos
976 1377 1084 1446 etiam
1106 1378 1169 1446 bo·
1219 1379 1374 1450 maxime
1388 1381 1532 1450 cadunt.
1584 1377 1725 1449 Deinde
1744 1403 1788 1449 ax
1810 1378 1880 1448 illis
1901 1379 1988 1471 ipsis
2009 1382 2205 1453 comoediis

176 1511 250 1579 ,nos
261 1486 405 1556 laedere
420 1472 640 1576 coepissent,
671 1480 814 1574 penitus
832 1480 1011 1551 sublatum
1031 1490 1083 1550 est
1099 1473 1170 1547 hoc
1219 1493 1390 1570 petuntur
1417 1483 1565 1573 propria
1594 1482 1724 1566 verba,
1762 1493 1798 1550 et
1825 1481 1958 1572 tigurae
1979 1479 2104 1553 Latini
2133 1508 2206 1555 ser-

183 1587 352 1659 carminis
378 1610 501 1678 genus.
567 1582 673 1658 Nova
696 1583 883 1654 comoedia
911 1593 987 1651 arte
1011 1582 1167 1675 quadam
1220 1584 1348 1654 monis.
2292 1576 2306 1593 ⁹

183 1702 393 1782 argumenta
412 1686 549 1757 invenit
568 1688 611 1756 de
637 1684 726 1755 lictis
749 1685 929 1778 personis,
965 1683 1095 1777 quibus
1117 1694 1168 1751 ta-

173 1814 266 1862 men
281 1804 454 1885 tanquam
471 1791 515 1857 de
531 1788 625 1858 veris
643 1789 923 1857 admonerentur
949 1797 1168 1878 spectatores

175 1892 339 1981 ¹civilium
363 1914 526 1973 morum,
558 1888 645 1960 item
666 1884 910 1960 humanorum
936 1886 1168 1981 consiliorum
1324 1880 1517 1983 Ilptlcuutc
1525 1895 1583 1955 est
1596 1884 1734 1975 primus
1751 1883 1812 1954 ille
1828 1886 2001 1959 tumultus
2014 1888 2089 1961 iam
2103 1893 2207 1984 quasi

181 2006 217 2065 et
239 2005 445 2063 eventuum.
1220 1988 1381 2080 gliscens.
1431 1987 1653 2058 llecensetur
1668 1987 1832 2073 etiamin
1846 1988 1984 2081 protasi
1999 2014 2083 2081 pars
2097 2016 2207 2087 quae·
2350 2038 2352 2043 ·

1220 2092 1305 2160 dam
1319 2090 1543 2182 argumenti,
1567 2102 1608 2159 ut
1622 2088 1711 2161 sciat
1723 2101 1921 2181 spectator,
1948 2116 2022 2189 quo
2047 2119 2104 2167 res
2126 2120 2207 2188 per·

335 2284 338 2289 ,
1219 2192 1345 2262 tineat.
1393 2188 1576 2272 Ἔπίτασις
1592 2192 1702 2262 altera
1728 2215 1811 2284 pars
1837 2185 1910 2276 est,
1941 2193 1980 2262 in
2004 2221 2075 2290 qua
2101 2199 2206 2271 turbe

174 2356 186 2383 ,Ι
286 2293 480 2389 Comoedia
496 2292 615 2362 differt
636 2315 655 2360 a
678 2291 885 2382 tragoedia,
919 2293 1017 2386 quod
1039 2291 1076 2361 in
1097 2303 1169 2361 tra-
1219 2293 1540 2378 fervidissimum,
1567 2295 1656 2364 etin
1673 2294 2066 2389 quaresin··summum
2082 2300 2207 2372 discri-

184 2399 310 2494 goedia
326 2408 525 2468 tractantur
548 2394 691 2487 negotia
711 2393 915 2486 principum
937 2405 973 2464 et
996 2393 1170 2489 equitum,
1219 2421 1305 2469 men
1326 2395 1535 2480 adducitur,
1575 2408 1616 2466 ut
1635 2397 1711 2469 lere
1733 2421 1851 2491 neque
1874 2398 2051 2484 consiliis,
2088 2426 2207 2499 neque

176 2502 224 2581 ¹in
240 2499 425 2571 comoedia
442 2522 528 2568 vero
544 2522 601 2568 res
617 2492 886 2599 quodammodo
904 2494 1025 2567 civiles
1042 2519 1084 2565 ac
1104 2497 1169 2566 do-
1221 2498 1354 2571 auxilio
1388 2499 1488 2571 locus
1518 2498 1576 2571 sit.
1650 2494 1905 2597 Καταστροφὴ
1934 2501 2052 2573 subita
2084 2514 2208 2576 rerunt

176 2605 371 2697 ,mesticae3
403 2614 480 2672 tum
503 2603 601 2696 quod
624 2599 663 2670 in
686 2600 870 2691 tragoedia
892 2599 1060 2691 fugienda
1083 2598 1170 2682 vita,
1221 2602 1385 2673 omnium
1400 2599 1636 2673 commutatio
1660 2614 1730 2685 est,
1760 2605 2060 2696 quando-turbae
2081 2628 2206 2680 omnes

175 2706 224 2781 ,in
245 2704 430 2777 comoedia
453 2706 666 2794 capessenda
689 2701 918 2796 exprimitur;
959 2713 1036 2770 tum
1061 2700 1168 2773 etiam
1219 2706 1412 2789 sedantur,
1446 2717 1482 2777 et
1496 2706 1537 2775 bt
1550 2705 1667 2777 laetus
1682 2703 1736 2776 rei
1749 2704 1881 2788 exitum
1914 2707 2012 2779 unde
2026 2704 2208 2781 Lucienus

185 2810 284 2902 quod
314 2806 432 2883 omnis
462 2806 647 2876 comoedia
677 2807 721 2876 de
754 2805 843 2877 fictis
865 2818 918 2877 est
936 2804 1170 2896 argumentis,
1221 2808 1403 2900 eleganter
1416 2804 1572 2892 exitum,
1599 2821 1839 2903 eventumque
1854 2808 2010 2902 negotii,
2035 2823 2208 2883 catastro·

184 2910 368 3001 tragoedia
392 2932 496 3000 saepe
521 2909 566 2977 ab
583 2904 752 2980 historica
769 2909 838 2978 lide
853 2909 1007 2999 petitur;
1033 2922 1188 3001 postre-·
1220 2906 1318 3004 phen
1340 2911 1498 3002 appellat
1522 2910 1560 2980 in
1584 2911 1845 2983 commentario
1876 2914 1920 2982 de
1949 2916 2113 2985 mercede
2132 2937 2208 2985 ser·

184 3036 267 3095 mo,
293 3011 391 3106 quod
414 3011 619 3102 tragoediae
643 3007 801 3081 babeant
821 3003 913 3081 laeta
937 3011 1113 3104 principia
1135 3024 1171 3081 et
1220 3014 1420 3097 cientibus,
1445 3008 1505 3086 tat
1520 3018 1612 3086 πᾶσι
1627 3008 1944 3109 δὴῆτιςαῦτοῖςῆ
1965 3011 2209 3112 καταπροφὴ

184 3114 302 3185 tristes
316 3113 450 3196 exitus,
477 3113 683 3184 comoediae
709 3125 829 3184 autem
852 3114 968 3185 tristia
992 3112 1169 3208 principia
1220 3121 1289 3189 τοῦ
1302 3111 1496 3212 δράματος
1508 3111 1671 3212 γίνεται,
1696 3117 1734 3187 id
1752 3128 1824 3199 est,
1850 3129 1933 3207 post
1947 3118 2091 3202 omnia,
2115 3141 2209 3212 quae

187 3228 222 3285 et
235 3215 348 3287 laetos
366 3216 491 3285 exitus.
1221 3217 1375 3311 denique
1397 3216 1467 3286 illis
1493 3213 1719 3307 catastrophe
1740 3217 1882 3288 fabulae
1907 3219 2100 3309 contingit,
2139 3214 2209 3290 hoc

590 3392 599 3408 ,
885 3390 895 3407 ‚
1222 3333 1294 3404 est,
1320 3319 1400 3414 quis
1415 3318 1528 3389 exitus
1543 3318 1692 3390 servitii.
1744 3318 1915 3392 Erasmus
1937 3320 1976 3389 in
1991 3321 2207 3393 Proverbio:

392 3393 453 3465 Di
476 3416 660 3462 ¹¹⁰¹¹¹¹¹¹⁰
687 3391 967 3462 mmmm·
1222 3415 1460 3511 Catastrophe
1476 3418 1670 3515 fabulae').

287 3529 383 3621 Quia
414 3528 599 3599 comoedia
628 3526 777 3596 conficta
800 3538 853 3596 est
872 3536 948 3596 non
970 3528 1100 3611 modo,
1131 3538 1171 3597 ut

187 3630 358 3699 varietate
374 3654 520 3701 casuum
544 3641 579 3699 et
602 3627 833 3698 consiliorum
856 3629 1005 3699 delectet
1030 3629 1171 3699 audito-

187 3756 282 3813 rem,
307 3732 369 3802 sed
383 3743 418 3799 et
432 3742 474 3800 ut
490 3754 610 3800 rerum
625 3724 866 3800 humanarum
880 3753 949 3801 nos
962 3733 1171 3810 admoneat;
1325 3723 1417 3795 Cum
1443 3725 1630 3794 comoedia
1658 3722 1776 3794 omnis
1796 3723 1843 3794 sit
1864 3726 2003 3816 pictura
2030 3729 2208 3822 quaedam

188 3854 404 3927 quaequam
422 3832 495 3902 sint
508 3832 664 3901 incertae
680 3842 715 3900 et
729 3829 866 3912 fluxae,
892 3832 1028 3901 nemini
1042 3846 1094 3906 est
1109 3835 1172 3903 ob·
1223 3826 1468 3898 communium
1489 3851 1656 3909 morum,
1682 3827 1844 3919 adeoque
1868 3827 2090 3914 officiorum,
2116 3854 2208 3925 quae
2235 3842 2238 3847 “

186 3957 342 4005 scutum.
392 3932 604 4016 Fitautem,
636 3943 696 4015 ut,
724 3932 787 4023 qui
807 3932 903 4021 apud
924 3957 963 4003 se
986 3935 1173 4027 diligenter
1223 3931 1261 4002 in
1299 3952 1593 4022 unamquamque
1628 3950 1820 4023 personam
1849 3942 1886 3999 et
1914 3943 2068 4001 aetatem
2102 3933 2210 4016 cadit,

187 4034 422 4128 expenderint
451 4047 486 4105 et
520 4030 587 4105 hos
615 4056 716 4106 casus
739 4045 775 4102 et
797 4054 1033 4123 personarum
1058 4037 1173 4106 officia
1224 4047 1300 4107 tum
1313 4027 1402 4103 haec
1418 4030 1582 4102 Terentii
1595 4031 1717 4105 tabula
1733 4029 1899 4122 inprimis
1921 4034 1969 4103 ad
1990 4056 2134 4107 morum
2154 4035 2210 4104 di·

188 4150 224 4209 et
255 4137 424 4220 consilia,
457 4136 634 4208 derebus
663 4131 831 4207 humanis
863 4132 931 4226 ipsi
963 4137 1174 4226 prudentius
1223 4132 1411 4229 sciplinam
1427 4135 1698 4207 accommodata
1712 4143 1776 4205 est.
1825 4131 1891 4205 Est
1911 4135 2008 4205 enim
2030 4137 2208 4230 quaedam

187 4263 332 4336 quoque
352 4238 524 4310 indicent.
580 4238 717 4309 Errant
738 4236 785 4321 ii,
818 4235 883 4330 qui
906 4249 1036 4330 putant
1062 4239 1175 4307 animi
1225 4235 1491 4309 commendatio
1506 4234 1648 4308 virtutis
1664 4229 1930 4337 inl’ampbil03
1962 4237 2062 4309 cuius
2081 4237 2122 4307 ἰιι
2139 4233 2210 4308 hoc

188 4342 361 4414 iudicium
398 4340 528 4413 rectius
560 4338 896 4413 iurisconsultorum
925 4338 1176 4431 disputationi·
1226 4350 1438 4429 argumento
1460 4336 1599 4427 primae
1623 4349 1708 4411 sunt
1728 4349 1869 4429 partes,
1902 4339 2076 4434 adeoquo¹
2089 4339 2208 4432 imago

188 4445 275 4529 bus,
295 4457 359 4516 aut
374 4439 673 4536 philosophorum
689 4441 791 4513 libris
804 4442 956 4511 formari
973 4465 1082 4536 quam
1106 4437 1177 4511 hoc
1226 4440 1403 4535 quaedam
1444 4440 1631 4531 proposita
1668 4451 1721 4511 ext
1753 4439 1933 4513 moderati
1962 4441 2209 4525 adolescentia,

190 4570 317 4638 genere
349 4546 564 4618 litterarum.
638 4545 782 4619 Nomen
811 4555 931 4614 autem
970 4543 1175 4615 comoediae
1225 4542 1306 4635 plus
1322 4540 1450 4625 etiam,
1473 4564 1580 4635 quam
1604 4542 1662 4613 vel
1682 4551 1785 4613 aetas
1803 4541 1861 4613 rel
1881 4564 1986 4611 amor
2008 4568 2134 4635 sapere
2157 4543 2210 4613 vi-

188 4649 336 4741 proprie
364 4647 542 4738 significat
570 4671 715 4719 carmen
735 4646 943 4729 convivale,
982 4659 1174 4740 propterea
1226 4646 1373 4728 deatur,
1412 4667 1493 4713 cum
1521 4642 1626 4735 tingit
1649 4668 1731 4716 eum
1756 4637 1849 4713 nihil
1872 4643 2064 4736 impotenti
2086 4647 2209 4733 auimo

190 4749 309 4842 quod,
333 4748 543 4842 priusquam
561 4770 620 4822 ars
633 4750 779 4821 accessit
794 4760 831 4820 et
849 4742 1073 4819 theatrorum
1092 4770 1177 4819 con·
1227 4746 1284 4817 vel
1301 4759 1434 4818 temere
1449 4746 1602 4830 audere,
1620 4747 1683 4819 sed
1698 4747 1738 4816 in
1752 4744 1905 4843 ancipiti:
1914 4746 2074 4837 periculo
2089 4756 2211 4819 tanea

187 4850 363 4935 suetudo,
388 4848 520 4942 passim
536 4849 576 4918 in
594 4851 767 4922 conviviis
780 4851 902 4921 iocoso
915 4851 1075 4921 carmine
1087 4851 1175 4920 vitia
1227 4847 1416 4920 consilium
1442 4842 1633 4931 adhibere,
1667 4859 1704 4919 et
1723 4847 1764 4919 in
1786 4858 2137 4943 utramquepartem
2163 4851 2210 4919 de

189 4952 321 5023 civium
344 4974 364 5022 a
387 4951 572 5022 iuventute
596 4964 715 5022 taxata
737 4964 832 5023 sunt.
886 4950 1036 5023 Videtur
1056 4965 1175 5024 autem
1227 4950 1345 5022 officio
1371 4973 1436 5023 suo
1461 4950 1621 5041 cogitare
1639 4962 1677 5020 et
1704 4950 1923 5040 expendere,
1963 4964 2005 5021 ut
2031 4951 2145 5043 pietas
2176 4961 2212 5020 et
2341 5018 2344 5023 .

187 5055 320 5126 lactum
344 5077 479 5125 nomen
501 5048 575 5127 tut
597 5058 669 5128 τοῦ
687 5049 840 5146 κώμου,
872 5046 944 5123 llb'c
967 5067 1038 5139 est,
1073 5078 1093 5124 a
1118 5077 1177 5124 co·
1226 5054 1313 5124 tides
1326 5050 1543 5146 requirebat.
1565 5069 1568 5074 '
1594 5049 1735 5124 Nullius
1753 5046 1872 5123 autem
1886 5053 2042 5144 amplior
2054 5054 2133 5126 laus
2147 5065 2213 5136 ext,

187 5160 423 5241 mercatione,
459 5168 494 5226 et
514 5150 589 5228 tud
611 5160 678 5253 τῆς
701 5149 819 5251 ᾠδῆς,
856 5149 1022 5239 horest,
1055 5177 1177 5224 acar·
1226 5168 1263 5226 et
1276 5155 1393 5225 maior
1415 5149 1667 5246 pulchritudo,
1696 5177 1806 5250 quam
1831 5155 2078 5238 mediocritas,
2109 5177 2212 5246 prae·

187 5257 307 5343 mine,
338 5272 380 5328 ut
398 5260 445 5329 sit
468 5257 654 5329 comoedia
680 5279 825 5327 carmen
847 5256 1033 5329 continens
1055 5257 1175 5327 iocum
1227 5257 1351 5328 sertim
1366 5257 1405 5325 in
1420 5256 1487 5327 ista
1506 5268 1643 5342 aetate,
1672 5278 1785 5352 qnae,
1811 5256 1895 5350 quia
1916 5254 2081 5347 plurimis
2102 5269 2138 5326 et
2156 5278 2213 5327 re-

134 5404 139 5441 .
187 5358 424 5431 convivalem.
476 5359 679 5450 Tragoedia
695 5382 715 5428 a
731 5352 886 5459 tpdyec,
911 5354 982 5429 hoc
997 5370 1071 5444 est,
1103 5360 1177 5429 lae-
2241 5356 2257 5367 ”

187 5486 265 5549 ces,
289 5474 325 5533 et
340 5456 418 5559 qidi
429 5509 443 5552 ,
471 5455 540 5531 hoc
560 5473 633 5547 est,
665 5484 822 5535 carmen.
860 5459 976 5531 'llinc
992 5461 1176 5553 tragoedia
1260 5491 1293 5550 ε)
1309 5488 1419 5541 emm
1436 5487 1524 5552 arag.
1543 5424 1778 5626 aa4q13meu.
1797 5480 1931 5546 prout.
1957 5502 1960 5507 ·

1300 1750 1413 1820 Tres
1438 1761 1544 1820 sunt
1571 1746 1719 1819 omnis
1744 1730 1928 1818 fabulae
1954 1765 2120 1845 partes.

174 2152 1169 2249 ‘lle'diffel‘entia'comoediaeettragoediae.

1427 3586 1488 3657 De
1514 3581 1765 3680 hypothesi
1790 3587 2001 3661 Andriae.
