4778 6240
191 307 271 385 633

390 475 599 547 Tiresias
626 478 672 547 in
696 476 985 571 seminam⁷⁴).

291 612 417 685 Livius
440 614 564 685 scribit
586 613 723 704 Spoleti
746 613 864 681 virum
890 636 932 680 ex
956 609 1106 681 muliere
1130 609 1183 677 fa-

181 731 287 789 ·ctum
314 741 401 786 esse.
453 716 499 785 Et
521 740 636 807 pauca
660 715 730 783 alia
756 713 885 785 similia
911 713 1073 803 exempla
1095 711 1183 779 reci-

187 832 324 891 tantur.
376 818 473 888 Haec
488 819 518 889 si
536 821 681 912 quando
697 818 880 899 accidunt,
913 817 991 887 dira
1015 814 1181 906 prodigia

184 935 285 1005 sunt,
312 932 347 991 et
362 945 509 1012 prorsus
526 920 643 990 aliena
659 922 703 990 ab
719 921 846 990 ordine
862 931 1025 989 naturae.
1064 915 1179 985 Multa

186 1039 311 1094 autem
347 1037 438 1092 tetra
474 1023 680 1094 acciderunt
714 1024 752 1091 in
795 1023 975 1091 idolorum
1010 1020 1180 1090 cultibus:

187 1151 303 1220 quare
331 1140 365 1194 et
391 1126 552 1196 Tiresiae
578 1126 714 1221 aliquid
744 1127 987 1195 monstrosum
1021 1122 1180 1191 accidere

189 1231 320 1320 potuit.
388 1228 509 1299 Minus
534 1230 691 1298 alienum
716 1240 769 1298 est
792 1253 811 1295 a
836 1240 987 1296 naturae
1012 1224 1181 1316 exemplis

191 1333 290 1401 nasci
307 1332 548 1424 androgynos.
598 1331 645 1400 Et
658 1329 819 1399 fortassis
834 1329 914 1399 talis
930 1328 998 1398 fuit
1012 1328 1182 1408 Tiresias,

193 1448 255 1503 aut
287 1459 434 1524 prorsus
465 1433 652 1524 allegorice
682 1432 918 1523 significatum
953 1444 1022 1512 est,
1062 1430 1180 1497 virum

192 1549 432 1626 praestantem
449 1537 626 1607 Tiresiam
642 1536 872 1629 perterritum
894 1534 1067 1625 recepisse
1082 1533 1181 1599 fana-

192 1640 281 1709 ticos
296 1641 396 1709 ritus.

449 1818 572 1891 Echo
600 1834 643 1891 et
666 1818 926 1891 Narcissus.

241 1958 320 2029 Vss.
346 1954 421 2029 370
443 1984 496 2052 sq.
548 1964 638 2049 Erpa
670 1962 728 2029 ott
760 1962 965 2029 Narcissum
992 1979 1055 2045 per
1085 1959 1182 2027 deuia

604 2061 746 2157 ruram)
768 2070 944 2151 vaporatam

244 2166 357 2248 Vidit,
381 2174 413 2233 et
439 2165 594 2234 incaluit.

292 2276 392 2349 Echo
417 2281 607 2370 allegorice
637 2279 812 2371 significat
833 2279 1056 2348 iactantiam:
1092 2273 1181 2346 haec

191 2394 310 2474 spreta
329 2394 491 2450 mutatur
509 2383 713 2464 insonum,
746 2377 910 2463 horest,
943 2382 981 2446 in
1003 2405 1080 2448 rem
1106 2381 1182 2447 ina·
1229 2406 1233 2413 ·

191 2509 286 2552 nem.
340 2483 440 2552 Talis
457 2496 509 2552 est
527 2484 622 2551 enim
639 2483 806 2552 iactantia
826 2481 904 2575 (Vs.
921 2480 1041 2574 401.):

186 2670 191 2678 .
245 2605 409 2675 Omnibus
423 2607 563 2674 auditur
568 2634 581 2687 ς
607 2628 708 2674 sonus
721 2614 791 2686 est,
818 2608 876 2700 qui
889 2607 972 2673 uiuit
988 2606 1026 2673 in
1042 2603 1115 2672 illu.

190 2720 378 2793 Narcissus
396 2746 481 2791 vero
499 2723 675 2813 significat
694 2717 878 2791 hominem
900 2722 967 2792 sihi
993 2717 1183 2791 vehemen-

191 2836 246 2892 ter
271 2825 494 2915 placentem,
537 2850 579 2893 ac
602 2849 709 2915 supra
735 2827 883 2892 modum
906 2825 963 2895 sui
988 2838 1183 2906 amantem,

192 2928 291 3019 quod
316 2951 358 2994 ex
383 2926 493 3017 ipsius
518 2927 635 2996 verbis
659 2926 810 3017 intelligi
831 2940 959 3019 potest.
1011 2927 1069 2997 Sic
1087 2927 1181 2997 enim

191 3029 235 3096 de
249 3054 286 3098 se
304 3027 378 3118 ipse
394 3029 556 3124 loquitur
572 3028 666 3122 (Vss.
683 3028 758 3100 468
772 3032 841 3124 sq.)
851 3058 865 3148 :⁸

242 3147 366 3239 Iste⁷⁶)
381 3172 438 3238 syo
452 3175 545 3234 sum,
570 3154 681 3234 sensi,
709 3175 769 3220 nec
785 3176 836 3221 me
852 3174 925 3220 mea
935 3150 1031 3239 fallit
1053 3157 1180 3242 imago,

247 3258 336 3323 Uror
351 3275 465 3322 amare
479 3259 556 3325 mci.

189 3371 301 3440 Recte
335 3370 445 3460 igitur
472 3367 573 3440 Echo
611 3383 710 3461 amat
739 3370 966 3455 Narcissum,
1014 3367 1084 3441 hoc
1119 3385 1183 3456 est,

190 3473 361 3541 iactantia
389 3469 603 3569 φιλαυτίαν.
656 3474 713 3542 Ad
737 3470 825 3542 haec
840 3473 1021 3563 sapienter
1037 3476 1183 3566 fingitur

191 3576 373 3657 Nemesis,
397 3577 608 3646 insolentiae
632 3588 668 3644 et
691 3577 919 3667 arrogantiae
943 3577 1094 3660 vindex,
1128 3603 1183 3647 re·

191 3693 313 3770 petere
330 3701 464 3768 poenas
479 3703 498 3744 a
514 3677 682 3748 Narcisso
697 3702 734 3747 se
749 3679 798 3745 ita
821 3691 984 3761 amante,
1017 3693 1057 3748 ut
1079 3705 1181 3749 suam

191 3781 304 3870 ipsius
325 3781 493 3848 umbram
516 3779 726 3848 admiretur.
792 3779 974 3850 Divinitas
1000 3784 1096 3850 enim
1117 3808 1182 3874 pu-

192 3881 344 3949 niuntur
367 3877 542 3973 φίλαυτοι
566 3875 633 3947 hac
655 3882 855 3964 dementia,
887 3896 928 3951 ut
947 3885 1053 3954 etiam
1077 3885 1182 3956 insci-

193 3982 281 4052 tiam
298 4004 400 4052 suam
423 4005 496 4050 esse
515 3982 724 4070 sapientiam
745 3983 975 4053 arbitrentur.

296 4098 446 4168 Erudite
462 4100 625 4189 exposuit
648 4095 741 4168 lianc
764 4101 921 4169 fabulam
936 4100 1041 4171 Vitas
1055 4102 1182 4175 Wins-

192 4199 334 4272 hemius
350 4202 387 4269 in
404 4204 558 4294 quadam
573 4201 854 4285 declamatione,
888 4203 950 4271 ubi
972 4205 1022 4272 sic
1046 4205 1180 4300 inquit:

192 4304 379 4377 Narcissus
398 4305 435 4371 in
452 4305 581 4374 fabulis
596 4317 806 4395 poetarum,
835 4308 920 4373 dum
939 4306 1090 4376 nimium
1108 4333 1182 4378 sese

194 4422 311 4490 amat,
353 4407 572 4476 contabescit
602 4408 765 4500 peritque
798 4407 930 4498 etipse
955 4422 989 4477 et
1011 4409 1069 4477 illa
1093 4412 1181 4480 falsa

192 4509 333 4599 imago,
373 4534 481 4602 quam
517 4523 704 4602 tantopere
735 4510 933 4602 deperibat.
1005 4509 1053 4580 Et
1086 4537 1182 4584 nunc

135 4632 137 4636 ’
192 4625 352 4681 mutatus
370 4615 407 4679 in
424 4610 565 4696 florem,
584 4627 710 4682 monet
725 4638 792 4682 nos
808 4637 888 4682 sero
908 4613 1110 4698 florescens,
1135 4640 1181 4686 ne

192 4715 302 4784 nimis
316 4726 455 4782 mature
481 4724 518 4783 et
534 4725 624 4783 ante
648 4728 788 4806 tempus
807 4740 932 4808 sapere
955 4716 1181 4808 incipiamus,

192 4816 283 4888 neve
300 4841 366 4886 nos
382 4828 445 4885 aut
458 4825 580 4885 nostra
598 4812 705 4887 nimis
728 4842 907 4901 amemus,
939 4832 1047 4913 atque
1068 4821 1182 4890 admi·

194 4945 337 5001 remur,
376 4920 573 5012 quodcum
598 4918 635 4986 iu
666 4920 766 4988 omni
789 4933 902 4990 aetate
919 4916 1091 4993 ¹odiosum
1118 4932 1181 5008 est,

193 5035 271 5095 lum
306 5046 392 5092 vero
424 5021 463 5090 in
498 5020 736 5092 adolescentia
770 5047 917 5114 prorsus
942 5024 1181 5099 intolerabile.

227 5296 279 5362 74)
299 5297 378 5348 ortt.
397 5300 463 5350 rtet.
475 5297 523 5361 111,
538 5296 593 5348 828
607 5310 667 5361 sqq.

222 5399 277 5464 rs)
294 5399 383 5465 rura]
404 5401 446 5450 ,a
460 5401 543 5451 astte.
560 5402 653 5467 aas„
673 5400 767 5466 nm
785 5400 864 5453 ova.
880 5402 931 5452 nr.
944 5401 1055 5456 arasa.
1073 5404 1180 5456 asena.

228 5500 278 5567 rs)
298 5501 370 5570 aare]
390 5504 431 5556 sa
448 5505 533 5560 aute.
549 5503 640 5567 tus,
661 5503 855 5571 arasa-oar.
871 5470 926 5559 r'a
938 5505 1048 5561 uua.
1067 5506 1104 5558 a·
1118 5507 1158 5560 a.

434 285 436 289 ’
524 302 615 379 ru.
675 301 961 376 ancarano
992 300 1123 375 auru
1145 300 1204 375 ut
1235 299 1710 375 uarauonruosaoa
1745 266 1905 374 annu.

2144 304 2224 381 684

1236 472 1329 545 Nam
1350 487 1391 542 ut
1410 475 1455 542 ab
1477 499 1544 544 usu
1567 497 1688 543 rerum
1710 474 1897 569 solidaque
1923 487 1958 543 et
1980 475 2135 565 perlecta
2159 480 2223 546 do-

1238 577 1351 644 ctrina
1388 590 1423 644 et
1455 577 1629 667 sapientia
1669 573 1840 647 hacteuus
1871 573 1988 647 adhuc
2019 577 2223 667 longissime

1236 680 1351 749 abest:
1378 679 1428 747 ita
1445 673 1510 748 has
1525 703 1580 748 res
1594 703 1670 748 non
1690 692 1839 769 possunt
1861 679 1929 750 sibi
1952 703 2123 769 arrogare
2148 680 2223 750 sine

1234 805 1374 850 summa
1397 782 1620 871 turpitudine
1644 805 1685 849 ac
1708 782 1876 852 vanitate.
1941 782 1991 851 Ut
2013 784 2110 851 enim
2132 807 2223 852 uvae

1234 895 1269 951 et
1285 907 1392 973 poma
1409 906 1483 950 non
1499 885 1536 951 in
1553 908 1656 965 vere,
1680 885 1799 953 necin
1817 897 1949 954 aestate
1967 899 2223 969 maturescunt,

1233 986 1351 1055 sedin
1368 987 1666 1078 autumnopaulo
1693 1000 1775 1056 ante
1801 981 1984 1078 hyemem:
2016 988 2065 1056 ita
2092 988 2224 1057 doctri-

1233 1110 1301 1157 nae
1325 1090 1460 1156 lructus
1480 1088 1750 1178 ingravescente
1774 1102 1953 1159 senectute
1975 1090 2133 1181 primum
2166 1115 2223 1161 so-

1232 1189 1308 1258 lent
1328 1202 1580 1260 maturescere.
2095 1213 2099 1224 ·

1445 1339 1453 1353 ’
1568 1334 1631 1443 De
1665 1369 1884 1444 Pentheo.

1284 1507 1344 1579 Vs.
1360 1504 1449 1582 528.
1474 1513 1581 1683 Lidpr
1595 1514 1708 1632 adest,
1729 1511 1892 1606 festisque
1910 1510 2063 1601 fremunt
2079 1517 2221 1587 ululati-

1562 1637 1601 1682 us
1617 1637 1706 1701 aym.

1336 1724 1436 1798 Nihil
1459 1729 1497 1796 in
1519 1731 1673 1820 speciem
1700 1728 1861 1799 fallacius
1885 1744 1957 1816 est,
1989 1730 2151 1829 nihilque
2177 1742 2224 1808 ad

1234 1830 1409 1918 populum
1445 1832 1669 1922 plausibilius
1701 1855 1817 1914 nova,
1863 1833 1937 1901 sive
1971 1828 2222 1927 superstitione
2299 1914 2301 1918 ,

1233 1931 1309 2000 sive
1326 1933 1502 2004 doctrina.
1553 1935 1609 2003 Ad
1625 1930 1721 2003 hanc
1745 1936 1836 2003 fiunt
1860 1929 2048 2006 hominum
2074 1964 2223 2013 concur-

1235 2059 1311 2116 sus,
1339 2036 1461 2128 quales
1479 2038 1729 2106 describuntur
1744 2033 1802 2106 hic
1818 2035 1913 2130 (Vss.
1929 2035 2005 2113 529
2023 2039 2110 2137 sq.):

1289 2158 1405 2225 Turba
1434 2167 1557 2239 ruunt,
1605 2161 1800 2248 mia-tueque
1827 2159 1913 2225 uiris
1942 2170 2130 2257 matresque
2157 2188 2224 2236 nu·

1644 2282 1787 2352 rusque,

1291 2360 1478 2453 Vulpusque
1493 2369 1527 2429 ct
1539 2359 1747 2457 proceres⁷⁷)
1758 2364 1875 2450 ignota
1884 2365 1931 2432 at
1941 2366 2222 2456 sacra'fcruntur.

1235 2474 1293 2543 Sic
1311 2477 1418 2559 olim,
1449 2477 1562 2547 sicubi
1582 2501 1698 2547 novus
1719 2478 1885 2546 divorum
1910 2483 2024 2555 cultus
2051 2509 2071 2554 a
2099 2512 2225 2558 mona-

1235 2572 1364 2672 chis⁷⁸)
1381 2580 1437 2647 vel
1455 2603 1475 2646 a
1491 2579 1695 2650 sacrificulis
1713 2593 1791 2649 erat
1804 2580 2007 2668 institutus,
2035 2612 2077 2656 eo
2095 2589 2164 2659 viri
2183 2614 2224 2658 ac

1234 2677 1388 2750 feminae
1403 2684 1637 2753 accurrebant
1652 2683 1850 2753 turmatim.
1903 2683 1961 2753 Sic
1979 2689 2111 2759 nostris
2128 2686 2223 2760 hisce

1234 2783 1477 2874 temporibus,
1503 2786 1532 2856 si
1550 2786 1629 2880 quis
1644 2809 1663 2854 a
1680 2785 1854 2855 ministris
1868 2782 2045 2860 Ecclesiae
2062 2790 2225 2863 dissentit
2274 2779 2285 2789 ⁶

1234 2886 1409 2976 lingendis
1436 2889 1539 2960 novis
1564 2889 1815 2980 opinionibus,
1849 2888 2016 2962 adhunc
2041 2896 2224 2965 concurrit
2257 2898 2262 2905 '

1234 2989 1390 3058 maxima
1412 2991 1617 3063 multitudo.

1337 3088 1519 3164 Pentheus
1533 3119 1618 3164 vero
1634 3094 1680 3190 (si
1707 3095 1907 3187 exemplum
1929 3096 1998 3166 rite
2022 3122 2224 3170 accommo-

1234 3193 1355 3288 detur)
1381 3207 1433 3264 est
1454 3193 1564 3268 εἰκών
1583 3222 1645 3267 seu
1674 3199 1792 3288 imago
1824 3200 1987 3289 tyranni,
2028 3201 2225 3271 immanem

1233 3297 1419 3366 saevitiam
1435 3300 1631 3368 exercentis
1647 3300 1685 3367 in
1705 3300 1890 3370 ministros
1906 3300 2103 3387 Ecclesiae,
2139 3306 2223 3374 odio

1233 3397 1438 3489 religionis,
1469 3425 1578 3494 quam
1594 3402 1792 3473 arbitratur
1813 3405 2008 3474 offuturam
2030 3407 2103 3476 suis
2127 3430 2225 3476 com·

1235 3501 1362 3572 modis.
1408 3502 1475 3571 Hic
1491 3529 1628 3573 summa
1648 3505 1876 3576 contentione
1892 3502 2104 3578 dehortatur
2119 3510 2224 3594 cives,

1233 3627 1278 3672 ne
1312 3605 1575 3694 amplectantur
1608 3629 1723 3676 novos
1754 3631 1938 3677 sacrorum
1967 3612 2075 3679 ritus:
2125 3611 2225 3680 iubet
2295 3691 2298 3695 ,

1234 3704 1493 3798 comprehendi
1525 3711 1767 3792 sacerdotem,
1810 3722 1846 3778 et
1876 3709 1993 3800 abripi
2021 3713 2067 3779 ad
2087 3714 2223 3804 suppli-

1235 3808 1349 3893 cium,
1375 3834 1441 3880 nec
1456 3811 1611 3882 flectitur
1635 3812 1743 3882 ullius
1764 3811 2029 3895 admonitione,
2064 3838 2223 3883 nec-mo·
2269 3882 2278 3893 ⁴,

1234 3924 1337 3981 vetur
1352 3915 1433 3984 ullis
1450 3915 1651 3999 miraculis,
1685 3940 1758 4008 quo
1781 3915 1901 3985 minus
1921 3916 2077 3999 saeviat,
2107 3918 2223 3985 donec

1234 4013 1377 4082 amittat
1400 4017 1532 4100 vitam,
1574 4009 1619 4087 ab
1650 4017 1726 4109 ipsa
1750 4033 1864 4088 matre
1886 4031 1921 4088 et
1939 4031 2131 4087 matertera
2158 4042 2222 4088 sua

1234 4116 1443 4208 discerptus,
1464 4118 1604 4213 istoque
1619 4121 1814 4190 miserabili
1829 4120 1976 4189 interitu
1993 4122 2133 4211 probet,
2155 4123 2223 4188 im-

1233 4219 1313 4308 pios
1335 4243 1380 4287 ne
1405 4243 1424 4286 a
1446 4221 1519 4290 suis
1543 4221 1687 4313 quidem
1715 4235 1812 4292 tutos
1835 4247 1908 4293 esse
1931 4247 2047 4314 posse.
2122 4222 2222 4293 Talis

1232 4319 1406 4390 nimirum
1425 4334 1476 4390 est
1494 4323 1712 4413 pertinacia,
1747 4348 1788 4391 ac
1811 4325 1891 4395 talis
1914 4325 2026 4403 exitus
2049 4338 2222 4419 tyranno-

1234 4447 1328 4504 rum,
1343 4425 1552 4513 praesertim
1572 4424 1634 4518 qui
1651 4426 1885 4496 adversantur
1903 4427 2079 4516 religioni.
2112 4425 2222 4519 Quod
2345 4458 2350 4465 ·

1234 4550 1320 4594 vero
1348 4526 1499 4596 Ovidius
1532 4528 1575 4594 de
1599 4523 1761 4596 Pentheo
1785 4552 1827 4597 ac
1852 4529 1991 4599 Tiresia
2009 4526 2076 4627 hie
2101 4531 2221 4612 relert,

1234 4654 1313 4698 cum
1334 4629 1383 4697 ait
1401 4626 1496 4720 (Vas.
1513 4624 1781 4726 515-518.):

1285 4754 1428 4839 Spernit
1460 4751 1661 4821 Echionides
1691 4761 1806 4820 tamen
1839 4753 1945 4834 tuac,
1989 4776 2038 4822 er
2069 4753 2221 4822 amnibus

1287 4958 1497 5044 Contemptus
1526 4878 1734 5128 superui?
1756 4957 1942 5027 Pentheum
1989 4977 2219 5050 praesagaque
2307 4938 2310 4943 ¹

1643 5062 1676 5127 r'
1700 5068 1732 5128 ct
1838 5123 1843 5135 ,

1238 5218 1449 5235 -t-—t-o-t—-O

1268 5331 1315 5399 77)
1334 5336 1363 5384 rt
1378 5333 1527 5396 proceres]
1549 5330 1591 5381 sto
1609 5330 1693 5381 mitt.
1716 5330 1808 5396 tutan,
1828 5329 1920 5393 15675
1945 5327 2023 5380 orltt
2042 5328 2093 5378 Ed.
2109 5326 2218 5378 uraca

1302 5413 1500 5466 proceresque.

1248 5495 2080 5639 'wimlfflffigpss'ffllwssfstffl
2111 5502 2186 5535 ,-..
