4784 6256
291 303 343 376 99

396 470 458 542 Vs.
482 468 569 543 824.
622 469 891 562 Obtemperaris
924 495 1050 540 saevae
1074 469 1290 570 calumniae]

252 592 255 599 '
293 600 370 649 non
397 573 547 666 patiaris
573 584 608 642 te
631 573 780 643 alienari
807 573 995 644 calumniis
1012 573 1057 643 ab
1083 573 1213 645 amico.
1245 591 1256 613 ³

395 676 475 747 Vss.
499 671 575 751 325
591 715 642 730 -
658 675 744 750 327.
796 674 833 745 si
866 676 946 770 quis
971 677 1167 759 irascatur,
1185 682 1189 687 ’
1206 676 1293 747 velit

267 812 271 821 ·
293 780 401 852 irasci
425 780 462 847 in
494 778 654 872 qualibet
681 802 721 847 re
746 790 898 871 propter
928 779 1056 849 delicta
1080 779 1291 864 amicorum,

293 886 481 978 nunquam
508 880 602 950 inter
618 905 655 952 se
680 884 895 966 concordes,
922 881 1201 965 consentientes,
1226 906 1291 952 ne·

295 994 366 1084 que
393 982 499 1052 amici
521 995 638 1055 essent
657 978 852 1083 homines]
911 983 980 1055 lsta
1013 985 1087 1053 vita
1111 1008 1186 1055 non
1217 985 1292 1055 abit

294 1089 372 1162 'sine
393 1085 540 1166 erratis;
567 1099 603 1154 et
622 1086 652 1155 si
671 1099 820 1179 propter
842 1088 1028 1182 quodlibet
1051 1099 1209 1159 erratum
1231 1112 1291 1159 ve·

292 1191 339 1264 lis
364 1189 518 1268 abiicere
544 1188 721 1275 amicum,
746 1213 933 1284 nunquam
956 1186 1105 1260 habebis
1122 1190 1290 1262 amicum.
1359 1246 1361 1251 .

396 1289 457 1362 Vs.
472 1290 560 1366 827.
612 1291 761 1361 Peccata
776 1306 976 1387 sequuntur
996 1287 1191 1388 homines]
1218 1292 1291 1387 Qui

294 1395 381 1467 vitia
406 1393 501 1477 odit,
525 1390 691 1465 homines
714 1395 810 1479 odit,
837 1395 922 1465 dicit
944 1396 1083 1467 Plinius
1108 1396 1230 1487 iunior
1252 1396 1290 1463 in

295 1499 456 1593 epistola.
493 1495 589 1566 Vitia
606 1498 738 1569 scilicet
752 1522 827 1567 non
846 1499 1020 1571 enormia.
1074 1490 1292 1592 Sunt'quae·

295 1602 379 1673 dam
408 1624 616 1671 communes
641 1601 866 1673 infirmitates
881 1601 950 1697 ¹⁸),
976 1612 1175 1695 quaesunt
1202 1601 1291 1670 tole-

294 1706 452 1788 randae,
477 1703 539 1773 sed
566 1703 728 1772 enormia
756 1717 839 1775 sunt
860 1704 1063 1796 punienda,
1085 1728 1160 1772 non
1186 1727 1291 1773 enor-

294 1808 369 1879 mia
394 1807 593 1877 toleranda.
629 1803 838 1878 Enormitas
853 1806 938 1877 lacit
952 1806 1156 1878 discrimen.
1203 1805 1292 1876 Ovi·

297 1910 377 1983 (lius
395 1908 460 2005 ¹'):
614 1924 616 1930 '

396 2026 442 2095 st,
459 2024 568 2092 quoties
585 2028 702 2091 pssunt
717 2025 858 2093 honines,
876 2040 929 2079 sos
944 2025 1060 2078 mtmtns
1076 2023 1168 2078 ntttst

468 2095 587 2161 tupiter,
612 2097 713 2162 exiguo
729 2098 854 2162 tenpore
870 2097 986 2151 inermis
1004 2095 1067 2149 ortt.

398 2182 571 2255 Salomon
586 2181 649 2279 ¹⁴):
691 2182 776 2255 Non
796 2196 847 2254 est
870 2184 982 2255 iustus
1007 2182 1184 2266 interra,
1215 2181 1290 2276 qui,

273 2296 378 2357 'curn
408 2286 520 2357 multa
544 2287 641 2356 bona
668 2287 796 2370 faciat,
836 2310 912 2357 non
939 2287 1134 2383 aliquando
1158 2297 1290 2377 peccet.

227 2414 232 2473 “,
295 2388 378 2466 flod
403 2385 443 2478 ill
464 2394 526 2464 888
552 2385 633 2478 belle
653 2390 799 2460 dictum.

305 2529 308 2535 ,
397 2491 459 2563 Vs.
482 2492 569 2565 828.
595 2545 597 2552 .
627 2490 689 2561 Dii
718 2516 794 2560 non
825 2491 953 2561 volunt
988 2492 1081 2559 ferre
1121 2490 1248 2559 delicta
1259 2487 1290 2587 ,]

293 2597 427 2668 scilicet
461 2595 636 2665 enormia.
695 2592 761 2664 Est
793 2593 1028 2684 ambiguitas,
1070 2592 1157 2686 quid
1192 2592 1290 2676 velit,

296 2697 384 2774 888
400 2699 503 2785 meli.
528 2713 623 2772 8888
639 2719 674 2772 tt
688 2693 820 2789 t'ttofftn
834 2694 900 2787 fol,
927 2691 996 2765 hoc
1012 2706 1099 2786 puto
1119 2719 1192 2765 esse
1206 2695 1289 2764 sim-

293 2801 541 2895 plicissimum.

204 2960 230 2979 ,,
281 2914 289 2922 ’
397 2902 457 2975 νε.
480 2901 566 2977 829.
618 2903 760 2975 Tardus
795 2928 875 2972 cum
904 2904 1002 2971 bono
1024 2900 1173 2972 consilio
1196 2899 1290 2991 cepit

294 3008 454 3078 velocem
469 3001 718 3103 persequens]
777 3005 909 3076 Noster
930 3005 1126 3097 imperator
1147 3003 1289 3071 videtur

292 3132 369 3197 ¹nse
396 3111 592 3180 admodum
619 3109 757 3192 lentus,
784 3120 904 3177 tamen
927 3107 989 3176 illa
1005 3107 1149 3176 lentitas
1165 3119 1288 3198 postea

294 3213 417 3284 vincit.
468 3209 593 3279 Bonae
613 3234 739 3280 causae
754 3210 861 3279 etiam
878 3210 1109 3301 properando
1129 3232 1289 3280 eorrum-

126 3369 132 3377 .
257 3364 263 3370 -
294 3325 442 3408 puntur.
494 3310 674 3381 llomerus
687 3310 751 3409 ιι’);

300 3410 424 3509 risoria
450 3409 564 3511 ἀρετᾷ
588 3408 687 3486 κακὰ
714 3413 824 3541 i'pyo·
850 3412 993 3508 κιχάνει
1007 3409 1124 3511 sain)
1142 3409 1290 3512 βραδὺς

712 3542 828 3590 ωκυν.

293 3619 337 3693 ld
360 3633 431 3704 est,
457 3620 658 3717 assequitur
684 3622 791 3690 etiam
817 3623 940 3692 tardus
960 3621 1132 3693 velocem.

312 3776 318 3789 =
397 3741 456 3814 Vs.
481 3740 568 3813 880.
621 3738 719 3810 Cum„
734 3751 830 3810 recta
859 3763 974 3831 poena
987 3734 1018 3835 ,]
1044 3739 1081 3807 id
1105 3750 1178 3820 est,
1207 3760 1288 3805 cum

294 3858 394 3916 recto
415 3845 548 3916 iudicio
571 3841 745 3913 Deorum.
803 3837 899 3936 Δίκη
924 3837 1003 3934 baill
1030 3865 1161 3922 causa,
1196 3838 1290 3906 iudi·

689 316 692 321 ·
889 297 1014 374 ran.
1039 297 1155 372 rma.
1177 295 1384 390 sutura
1409 298 1775 417 erumnosus·

2222 300 2345 413 '100

1343 472 1500 556 meritis,
1536 476 1659 543 eadem
1694 473 1903 542 remetietur
1929 474 2105 570 vobis¹⁷).
2169 476 2263 549 lllud
2290 494 2344 553 est

1345 575 1516 645 iudicium
1534 574 1615 648 Dei.
1667 575 1800 646 Versus
1813 571 2079 646 Rhadamanti:

1395 677 1482 750 Eius
1508 671 1629 750 πάθοι
1653 672 1702 749 roi
1726 674 1871 772 εἶὲρεξε
1893 673 1979 773 δίκη
2002 678 2106 752 ἰθεῖα
2132 669 2291 778 γὲνὸιτο.

1448 778 1486 849 si
1509 780 1558 848 ita
1585 795 1656 864 est,
1682 793 1723 849 ut
1745 779 1896 861 dicitur,
1924 784 2022 874 quod
2041 782 2166 855 Gallus
2184 783 2343 857 attrabat

1345 880 1502 952 Turcam
1520 882 1557 950 in
1574 880 1836 966 ltaliam,·u0u
1860 884 2030 967 dubium,
2057 886 2156 980 quod
2181 888 2248 958 sibi
2264 912 2344 959 mo·

1343 996 1426 1052 veat
1453 1009 1530 1053 rem
1554 986 1658 1055 valde
1681 985 1921 1077 perniciosam
1941 998 1977 1055 et
1993 989 2059 1056 toti
2076 988 2227 1063 Galliae.
2294 999 2296 1002 ’

1398 1081 1549 1179 Τώχων
1576 1084 1626 1169 ὥς
1651 1084 1765 1185 ἑτέρῳ
1784 1113 1821 1159 τι
1847 1086 1899 1184 ἑῷ
1924 1085 2044 1163 κακὸν
2073 1086 2187 1185 ἥπατι
2208 1092 2342 1188 τεύχει.

1445 1187 1530 1258 lllae
1562 1191 1759 1260 sententiae
1793 1192 1924 1260 debent
1951 1192 2054 1263 vobis
2084 1218 2159 1264 esse
2187 1193 2226 1264 in
2256 1219 2342 1265 con-

1343 1303 1477 1380 spectu,
1499 1293 1583 1385 quia
1599 1307 1683 1364 sunt
1699 1293 1903 1390 testimonia
1920 1293 2042 1365 iudicii
2061 1295 2186 1380 divini,
2209 1310 2244 1368 et
2258 1311 2342 1370 suut

1343 1406 1507 1485 sumptae
1542 1397 1586 1465 ab
1623 1396 1863 1488 experientia,
1901 1409 1936 1466 et
1974 1397 2069 1469 illius
2101 1400 2341 1491 experientiae

1344 1508 1450 1564 autor
1464 1508 1499 1565 et
1512 1498 1733 1589 gubernator
1750 1511 1801 1569 est
1812 1497 1923 1583 Deus,
1941 1497 2039 1572 Deus
2053 1501 2187 1570 iudicat
2203 1527 2341 1574 omnes.

1444 1614 1506 1687 Vs.
1522 1617 1610 1691 881.
1648 1618 1895 1712 Tranquillus,
1920 1644 1995 1689 non
2017 1621 2262 1706 turbulentus,
2287 1623 2340 1691 fa·

1344 1715 1495 1817 otiosus]
1522 1722 1612 1793 sicut
1635 1719 1769 1792 Paulus
1782 1722 1884 1792 dicit:
1908 1718 1950 1791 ln
1966 1719 2036 1793 boc
2052 1725 2129 1795 sitis
2146 1723 2340 1809 ambitiosi,

1343 1833 1384 1891 ut
1398 1822 1546 1915 propria
1561 1823 1718 1907 faciatis,
1744 1848 1820 1893 nou
1835 1825 1911 1897 sitis
1927 1826 2144 1910 turbulenti,
2169 1826 2340 1897 seditiosi.

1447 1924 1606 1996 Mediam
1622 1927 1720 1996 viam
1730 1923 1762 2025 ,]
1785 1952 1830 1999 ne
1845 1939 1880 1999 te
1896 1930 2071 2022 adiungas
2085 1929 2256 2014 factiosis,
2278 1940 2340 1998 aut

1343 2026 1522 2114 mediam,
1543 2029 1667 2123 idest,
1691 2030 1843 2115 iustam,
1875 2033 1961 2126 quia
1988 2032 2122 2127 iustitia
2139 2046 2191 2104 est
2206 2030 2341 2103 medie·

1343 2140 1418 2215 tas,
1445 2143 1486 2200 ut
1508 2132 1546 2201 in
1562 2130 1700 2204 Ethicis
1725 2132 1924 2231 dicitur¹¹).
1963 2224 1964 2228 Ἰ

1446 2232 1507 2304 νε.
1523 2236 1610 2311 888.
1661 2235 1746 2308 Non
1761 2237 1850 2307 dans
1866 2232 2145 2308 aliis'facultates
2162 2230 2339 2332 aliorum]

1343 2335 1477 2407 scilicet
1502 2351 1543 2415 ut
1568 2341 1609 2409 lit
1635 2339 1674 2410 iu
1694 2340 1939 2412 seditionibus.

1443 2452 1506 2527 Vs.
1532 2457 1618 2530 888.
1658 2458 1756 2532 ,Non
1788 2458 1989 2552 captatione
2021 2456 2185 2529 utilitatis
2214 2457 2340 2526 foveas

1344 2555 1461 2628 exules
1482 2558 1672 2661 damnatos
1682 2559 1714 2660 ‚]
1747 2588 1822 2633 nou
1856 2563 1902 2641 sis
1923 2574 2125 2654 receptator
2149 2560 2340 2631 scelerato-

1342 2680 1443 2744 rum,
1469 2686 1544 2733 nou
1566 2678 1724 2758 receptes
1750 2667 1960 2739 damnatum
1981 2665 2118 2737 exulem
2138 2686 2200 2755 spe
2220 2660 2340 2754 aliqua

1342 2784 1405 2831 seu
1428 2765 1646 2855 captatione.

1445 2881 1505 2954 Vs.
1524 2884 1610 2956 884.
1648 2860 1722 2953 ¹Ille
1745 2884 1826 2953 exul
1849 2884 1990 2953 rediens
2011 2885 2159 2953 domum
2178 2881 2342 2955 nouerit

1341 2979 1652 3176 iglffimdeinde’]
1686 2986 1723 3055 id
1751 2999 1825 3069 est,
1877 2986 1926 3060 dr
1957 2986 2026 3079 brit
2059 2985 2111 3060 bit
2143 2983 2219 3079 bod)
2253 2985 2343 3078 sion

1443 3205 1504 3278 νε.
1527 3202 1615 3278 886.
1666 3207 1752 3280 Non
1777 3208 1930 3279 nimium
1958 3207 2005 3279 sis
2034 3193 2189 3291 anxius,
2207 3205 2342 3277 sollici·

1342 3319 1418 3391 tus,
1443 3333 1518 3378 non
1546 3310 1700 3380 nimium
1727 3306 1903 3407 festines]
1954 3311 2008 3384 Ne
2034 3311 2121 3404 quid
2138 3307 2312 3402 nimis¹’).

1442 3427 1504 3501 Vs.
1530 3428 1606 3501 885
1629 3456 1682 3525 sq.
1734 3431 1966 3501 Mediocritas
1999 3442 2051 3500 est
2079 3429 2217 3520 optima
2245 3427 2340 3497 inter

1342 3531 1485 3616 omnia,
1512 3534 1562 3604 sic
1578 3530 1725 3604 babebis
1739 3535 1907 3605 virtutem
1918 3529 1951 3631 ,]
1980 3531 2018 3602 id
2034 3545 2105 3614 est,
2131 3533 2245 3602 virtus
2260 3555 2341 3600 ver-

1341 3645 1441 3703 satur
1463 3636 1503 3706 in
1525 3637 1667 3720 medio,
1691 3637 1804 3708 virtus
1829 3650 1882 3708 est
1903 3634 2105 3704 moderatio
2134 3634 2340 3718 affectuum,

1342 3734 1405 3808 obt
1438 3735 1526 3826 loos
1561 3741 1647 3833 sidpt
1665 3740 1843 3809 subtiliter
1877 3734 2071 3832 pettbtill,
2116 3733 2236 3829 [oilli
2264 3734 2337 3828 bost>

1342 3838 1466 3932 tiebtidp
1487 3846 1607 3935 gettbt.
1659 3839 1781 3913 Virtus
1805 3852 1865 3912 est'
1890 3841 2130 3911 mediocritas.
2189 3839 2338 3910 Contra.

295 3948 390 4017 cium
417 3953 484 4023 ttttb
509 3970 637 4037 poena.
687 3943 729 4014 ld
756 3957 828 4026 est,
853 3947 995 4026 tardus,
1022 3942 1085 4036 qui
1108 3964 1183 4011 non
1204 3963 1290 4031 pro·
1341 3939 1494 4011 Dilectio
1515 3941 1585 4012 Dei
1604 3943 1709 4012 debet
1729 3968 1802 4016 esse
1826 3944 2088 4015 ardentissima.
2137 3940 2237 4034 Ergo
2262 3965 2339 4012 non

294 4061 399 4141 perat
419 4053 465 4118 ad
489 4048 703 4132 vindictam,
737 4046 846 4138 paulo
872 4059 956 4137 post
981 4044 1118 4114 videbit
1140 4039 1289 4114 haerere
1341 4054 1394 4114 est
1415 4045 1625 4131 mediocris,
1653 4058 1687 4115 et
1715 4047 1766 4118 sic
1787 4048 1901 4119 virtus
1921 4071 1997 4117 non
2022 4058 2075 4118 est
2096 4045 2337 4115 mediocritas.

294 4151 468 4221 iniustum
499 4149 538 4218 in
570 4150 707 4243 poenis.
771 4147 849 4240 Ego
876 4149 952 4247 vidi
979 4147 1096 4218 multai
1116 4146 1290 4238 exempla,
1341 4143 1538 4219 Pulchrum
1565 4163 1617 4220 est
1645 4151 1842 4222 castitatem
1870 4175 1944 4222 esse
1973 4147 2211 4241 purissimam.
2263 4143 2337 4214 lle·

295 4253 442 4350 quando
477 4254 606 4349 aliquis
637 4254 814 4349 patienter
846 4252 929 4322 tulit
965 4251 1135 4321 iniuriam
1166 4250 1289 4343 aliquo
1328 4253 1522 4343 spondeo:
1552 4254 1781 4326 Mediocritas
1797 4253 2009 4344 intelligitur
2036 4260 2196 4342 respectu
2220 4259 2338 4317 extre·

293 4370 478 4449 tempore,
504 4356 602 4430 Deus
616 4357 744 4430 sumsit
764 4379 900 4449 poenas
914 4357 958 4426 de
973 4355 1119 4427 iniusto.
1161 4353 1290 4425 Assur·
1341 4378 1485 4426 morum
1508 4357 1733 4427 vitiosorum.
1792 4355 1944 4426 Castitas
1968 4356 2006 4424 in
2028 4377 2094 4426 suo
2124 4374 2254 4444 genere
2275 4352 2339 4421 de-

292 4456 398 4531 lacite
424 4486 490 4532 vos
510 4465 556 4532 ad
580 4462 679 4531 illam
707 4460 940 4553 patientiam,
966 4460 1081 4530 multo
1104 4459 1209 4551 plura
1226 4457 1290 4525 ob·
1341 4457 1402 4527 bet
1421 4482 1597 4541 crescere,
1623 4456 1766 4526 dilectio
1793 4457 1832 4527 in
1853 4482 2068 4551 suogenere
2084 4457 2190 4528 debet
2206 4478 2337 4526 cresce·

292 4563 452 4634 tinebitis
471 4566 658 4633 tolerando
684 4563 835 4635 iniurias
859 4585 967 4655 quam
990 4561 1151 4633 celeriter
1173 4558 1290 4628 vindi-
1341 4583 1401 4639 re;
1426 4560 1488 4630 sed
1508 4583 1584 4628 non
1600 4559 2042 4633 debetmiscerlextremis
2057 4560 2206 4631 vitiosis.
2233 4556 2336 4650 Quae

293 4665 423 4751 cando,
434 4667 523 4761 quia
541 4666 648 4736 etiam
664 4690 794 4757 parvas
808 4662 959 4734 iniurias
976 4662 1289 4733 comitantursuae
1341 4674 1425 4733 sunt
1444 4673 1602 4733 extrema
1626 4661 1828 4737 dilectionis
1845 4664 1937 4735 Dei?
1988 4664 2223 4758 Respondes:
2249 4660 2336 4753 Epi-

293 4782 450 4861 poenae:
477 4792 610 4862 parvae
626 4765 762 4838 habeut
784 4789 933 4859 parvas,
960 4784 1112 4859 maguae
1129 4786 1288 4855 magnas.
1341 4787 1468 4836 eureus
1500 4777 1725 4858 contemptus
1754 4781 1790 4839 et
1813 4769 2031 4860 superstitio.
2095 4767 2202 4838 Fides
2230 4764 2337 4833 debet

293 4872 397 4949 Mn
421 4873 471 4948 bis
497 4871 608 4967 &egei
641 4869 681 4962 itt
709 4872 832 4965 getnipt
874 4867 955 4961 Qua
979 4890 1148 4939 mensura
1174 4865 1289 4938 mensi
1341 4889 1497 4937 crescere
1522 4868 1559 4937 in
1582 4893 1646 4939 suo
1670 4894 1819 4961 genere,
1845 4873 1881 4940 id
1912 4885 1983 4954 est,
2006 4873 2084 4965 ¹ipsa
2119 4871 2157 4938 in
2186 4892 2250 4940 sua
2271 4888 2338 4935 na·

531 4998 535 5007 ¹
1340 4982 1433 5041 tura.
1485 4969 1543 5040 Sic
1568 4984 1726 5043 caeterae
1749 4973 1910 5047 virtutes.
1950 4968 2093 5062 ,Virtus
2121 4984 2174 5040 est
2197 4970 2338 5038 medio·
2380 5034 2383 5039 .

300 5065 506 5081 —n-—u—-o

328 5173 376 5242 11)
394 5172 581 5242 luttrmttstss]
598 5176 642 5229 stc
658 5173 843 5239 scripsisse.
866 5176 940 5228 1888.
959 5177 1045 5229 ursle:
1064 5175 1218 5230 firmitates.

330 5262 378 5322 18]
397 5261 477 5314 ovid.
495 5262 578 5313 Trlst.
596 5260 632 5327 ll,
649 5261 694 5313 88.
711 5263 755 5314 84.

328 5344 377 5413 u)
395 5347 583 5400 Ecclesiastes
599 5347 626 5414 7,
643 5347 686 5399 21.

328 5434 376 5494 18)
396 5435 474 5486 lton.
497 5434 548 5488 08.
566 5434 642 5498 vlu,
658 5434 718 5485 m.

329 5520 377 5582 18)
391 5518 457 5583 sel]
476 5522 518 5573 sto
534 5521 584 5575 tto
604 5520 697 5583 imp
714 5521 795 5576 lton.
813 5520 865 5577 tto.
881 5522 971 5574 Wolf.
991 5534 1041 5574 ros.

1374 5245 1423 5305 sn
1439 5245 1536 5298 netu.
1554 5244 1583 5313 r,
1599 5245 1626 5301 a
1661 5247 1747 5297 uere.
1764 5247 1798 5311 a,
1814 5243 1858 5298 rs.
1893 5206 2007 5307 nessi}
2023 5239 2066 5293 ss.

1375 5345 1422 5413 ss)
1441 5347 1521 5400 con.
1535 5346 1657 5402 aanor.
1674 5345 1762 5400 rute.
1781 5345 1885 5398 auen.
1905 5344 1949 5429 v,
1960 5345 1992 5408 ι,
2011 5342 2036 5395 s

1374 5453 1423 5512 ιε)
1439 5450 1481 5503 ns
1498 5452 1550 5573 tas
1566 5450 1714 5517 paratu
1730 5449 1795 5500 vrrs
1812 5430 2048 5512 emortum·
2071 5446 2134 5498 cust.
2152 5446 2172 5496 1.
2197 5446 2270 5499 esst
2284 5445 2338 5497 vr.

1406 5532 1484 5584 prov.
