<?xml version="1.0" encoding="UTF-8"?>
<!DOCTYPE html PUBLIC "-//W3C//DTD XHTML 1.0 Transitional//EN"
    "http://www.w3.org/TR/xhtml1/DTD/xhtml1-transitional.dtd">
<html xmlns="http://www.w3.org/1999/xhtml" xml:lang="en" lang="en">
 <head>
  <title>
</title>
<meta http-equiv="Content-Type" content="text/html;charset=utf-8" />
  <meta name='ocr-system' content='tesseract 3.04.00' />
  <meta name='ocr-capabilities' content='ocr_page ocr_carea ocr_par ocr_line ocrx_word'/>
</head>
<body>
  <div class='ocr_page' id='page_1' title='image "./philippimelanth14melagoog_0214.png"; bbox 0 0 4784 6256; ppageno 0'>
   <div class='ocr_carea' id='block_1_1' title="bbox 175 334 1161 582">
    <p class='ocr_par' dir='ltr' id='par_1_1' title="bbox 175 334 1161 582">
     <span class='ocr_line' id='line_1_1' title="bbox 175 334 250 412; baseline -0.093 0"><span class='ocrx_word' id='word_1_1' title='bbox 175 334 250 412; x_wconf 87' lang='grc'>899</span> 
     </span>
     <span class='ocr_line' id='line_1_2' title="bbox 176 484 1161 582; baseline -0.031 -2"><span class='ocrx_word' id='word_1_2' title='bbox 176 510 313 582; x_wconf 82' lang='lat' dir='ltr'>fiebant</span> <span class='ocrx_word' id='word_1_3' title='bbox 326 499 431 570; x_wconf 90' lang='lat' dir='ltr'>etiam</span> <span class='ocrx_word' id='word_1_4' title='bbox 449 495 534 563; x_wconf 87' lang='lat' dir='ltr'>ludi.</span> <span class='ocrx_word' id='word_1_5' title='bbox 586 491 740 579; x_wconf 89' lang='lat' dir='ltr'>Propter</span> <span class='ocrx_word' id='word_1_6' title='bbox 760 484 824 558; x_wconf 90' lang='lat' dir='ltr'>has</span> <span class='ocrx_word' id='word_1_7' title='bbox 847 485 1006 577; x_wconf 87' lang='lat' dir='ltr'>publicas</span> <span class='ocrx_word' id='word_1_8' title='bbox 1029 484 1161 553; x_wconf 92' lang='lat' dir='ltr'>utilita-</span> 
     </span>
    </p>
   </div>
   <div class='ocr_carea' id='block_1_2' title="bbox 748 302 1627 388">
    <p class='ocr_par' dir='ltr' id='par_1_2' title="bbox 748 302 1627 388">
     <span class='ocr_line' id='line_1_3' title="bbox 748 302 1627 388; baseline -0.011 -2"><span class='ocrx_word' id='word_1_9' title='bbox 748 314 871 388; x_wconf 88' lang='lat' dir='ltr'>PHIL.</span> <span class='ocrx_word' id='word_1_10' title='bbox 904 315 1015 386; x_wconf 87' lang='lat' dir='ltr'>MEL.</span> <span class='ocrx_word' id='word_1_11' title='bbox 1056 310 1257 384; x_wconf 78' lang='lat' dir='ltr'>SCRIPTA</span> <span class='ocrx_word' id='word_1_12' title='bbox 1292 302 1627 378; x_wconf 79' lang='lat' dir='ltr'>PlllLOLOGlCA.</span> 
     </span>
    </p>
   </div>
   <div class='ocr_carea' id='block_1_3' title="bbox 2126 304 2220 382">
    <p class='ocr_par' dir='ltr' id='par_1_3' title="bbox 2126 304 2220 382">
     <span class='ocr_line' id='line_1_4' title="bbox 2126 304 2220 382; baseline -0.011 -18"><span class='ocrx_word' id='word_1_13' title='bbox 2126 304 2220 382; x_wconf 70' lang='lat'>400.</span> 
     </span>
    </p>
   </div>
   <div class='ocr_carea' id='block_1_4' title="bbox 1313 472 2206 573">
    <p class='ocr_par' dir='ltr' id='par_1_4' title="bbox 1313 472 2206 573">
     <span class='ocr_line' id='line_1_5' title="bbox 1313 472 2206 573; baseline 0.015 -31"><span class='ocrx_word' id='word_1_14' title='bbox 1313 476 1374 548; x_wconf 87' lang='lat' dir='ltr'>Vs.</span> <span class='ocrx_word' id='word_1_15' title='bbox 1392 478 1453 548; x_wconf 90' lang='grc'><strong>71.</strong></span> <span class='ocrx_word' id='word_1_16' title='bbox 1494 472 1680 573; x_wconf 74' lang='grc' dir='ltr'><strong>Αιιιευειιὶ]</strong></span> <span class='ocrx_word' id='word_1_17' title='bbox 1710 476 1842 560; x_wconf 91' lang='lat' dir='ltr'>idest,</span> <span class='ocrx_word' id='word_1_18' title='bbox 1881 479 1982 569; x_wconf 90' lang='lat' dir='ltr'>prius</span> <span class='ocrx_word' id='word_1_19' title='bbox 2014 502 2120 565; x_wconf 85' lang='lat' dir='ltr'>cura,</span> <span class='ocrx_word' id='word_1_20' title='bbox 2164 496 2206 555; x_wconf 88' lang='lat' dir='ltr'>ut</span> 
     </span>
    </p>
   </div>
   <div class='ocr_carea' id='block_1_5' title="bbox 178 581 2204 802">
    <p class='ocr_par' dir='ltr' id='par_1_5' title="bbox 178 581 2204 802">
     <span class='ocr_line' id='line_1_6' title="bbox 178 581 2204 683; baseline -0.02 1"><span class='ocrx_word' id='word_1_21' title='bbox 178 626 232 683; x_wconf 88' lang='lat' dir='ltr'>tes</span> <span class='ocrx_word' id='word_1_22' title='bbox 246 616 329 679; x_wconf 91' lang='lat' dir='ltr'>sunt</span> <span class='ocrx_word' id='word_1_23' title='bbox 343 600 503 670; x_wconf 89' lang='lat' dir='ltr'>instituta</span> <span class='ocrx_word' id='word_1_24' title='bbox 516 596 583 663; x_wconf 89' lang='lat' dir='ltr'>ista</span> <span class='ocrx_word' id='word_1_25' title='bbox 601 590 794 660; x_wconf 86' lang='lat' dir='ltr'>certamina</span> <span class='ocrx_word' id='word_1_26' title='bbox 812 602 847 658; x_wconf 92' lang='lat' dir='ltr'>et</span> <span class='ocrx_word' id='word_1_27' title='bbox 864 589 1075 680; x_wconf 88' lang='lat' dir='ltr'>spectacula.</span> <span class='ocrx_word' id='word_1_28' title='bbox 1107 582 1162 654; x_wconf 95' lang='lat' dir='ltr'>llli</span> <span class='ocrx_word' id='word_1_29' title='bbox 1212 583 1326 650; x_wconf 91' lang='lat' dir='ltr'>bonas</span> <span class='ocrx_word' id='word_1_30' title='bbox 1342 605 1465 649; x_wconf 90' lang='lat' dir='ltr'>vaccas</span> <span class='ocrx_word' id='word_1_31' title='bbox 1486 581 1612 669; x_wconf 77' lang='lat' dir='ltr'><strong>eligas,</strong></span> <span class='ocrx_word' id='word_1_32' title='bbox 1644 604 1688 646; x_wconf 94' lang='lat' dir='ltr'>ne</span> <span class='ocrx_word' id='word_1_33' title='bbox 1711 593 1833 671; x_wconf 91' lang='lat' dir='ltr'>postea</span> <span class='ocrx_word' id='word_1_34' title='bbox 1859 581 2021 673; x_wconf 89' lang='lat' dir='ltr'>queraris</span> <span class='ocrx_word' id='word_1_35' title='bbox 2038 584 2204 655; x_wconf 75' lang='lat' dir='ltr'>sobolem</span> 
     </span>
     <span class='ocr_line' id='line_1_7' title="bbox 181 693 1035 802; baseline -0.035 -18"><span class='ocrx_word' id='word_1_36' title='bbox 181 728 388 802; x_wconf 89' lang='lat' dir='ltr'>congressus</span> <span class='ocrx_word' id='word_1_37' title='bbox 405 697 609 768; x_wconf 77' lang='lat' dir='ltr'><strong>consociant</strong></span> <span class='ocrx_word' id='word_1_38' title='bbox 627 693 733 761; x_wconf 90' lang='lat' dir='ltr'>etiam</span> <span class='ocrx_word' id='word_1_39' title='bbox 753 705 892 783; x_wconf 80' lang='lat' dir='ltr'><strong>gentes,</strong></span> <span class='ocrx_word' id='word_1_40' title='bbox 918 703 983 759; x_wconf 87' lang='lat' dir='ltr'>etc.</span> <span class='ocrx_word' id='word_1_41' title='bbox 1033 768 1035 775; x_wconf 10' lang='lat' dir='ltr'><em>J</em></span> 
     </span>
    </p>
   </div>
   <div class='ocr_carea' id='block_1_6' title="bbox 279 790 959 892">
    <p class='ocr_par' dir='ltr' id='par_1_6' title="bbox 279 790 959 892">
     <span class='ocr_line' id='line_1_8' title="bbox 279 790 959 892; baseline -0.013 -20"><span class='ocrx_word' id='word_1_42' title='bbox 279 806 341 875; x_wconf 90' lang='grc' dir='ltr'>νε.</span> <span class='ocrx_word' id='word_1_43' title='bbox 355 804 417 876; x_wconf 86' lang='grc'>20.</span> <span class='ocrx_word' id='word_1_44' title='bbox 441 790 577 892; x_wconf 67' lang='lat' dir='ltr'>caestu]</span> <span class='ocrx_word' id='word_1_45' title='bbox 605 797 640 864; x_wconf 91' lang='lat' dir='ltr'>id</span> <span class='ocrx_word' id='word_1_46' title='bbox 656 809 727 879; x_wconf 90' lang='grc' dir='ltr'><strong>εει,</strong></span> <span class='ocrx_word' id='word_1_47' title='bbox 752 795 959 888; x_wconf 88' lang='lat' dir='ltr'>pugilando.</span> 
     </span>
    </p>
   </div>
   <div class='ocr_carea' id='block_1_7' title="bbox 70 893 1172 4252">
    <p class='ocr_par' dir='ltr' id='par_1_7' title="bbox 70 893 1165 1412">
     <span class='ocr_line' id='line_1_9' title="bbox 279 893 1164 987; baseline -0.012 -12"><span class='ocrx_word' id='word_1_48' title='bbox 279 909 340 978; x_wconf 87' lang='lat' dir='ltr'>Vs.</span> <span class='ocrx_word' id='word_1_49' title='bbox 356 898 418 978; x_wconf 87' lang='grc'>25.</span> <span class='ocrx_word' id='word_1_50' title='bbox 444 903 627 987; x_wconf 75' lang='lat' dir='ltr'>Britanni]</span> <span class='ocrx_word' id='word_1_51' title='bbox 653 900 688 968; x_wconf 95' lang='lat' dir='ltr'>id</span> <span class='ocrx_word' id='word_1_52' title='bbox 705 912 776 983; x_wconf 90' lang='lat' dir='ltr'>est,</span> <span class='ocrx_word' id='word_1_53' title='bbox 800 896 905 968; x_wconf 87' lang='lat' dir='ltr'>servi.</span> <span class='ocrx_word' id='word_1_54' title='bbox 969 893 1164 987; x_wconf 53' lang='lat' dir='ltr'>interitu]</span> 
     </span>
     <span class='ocr_line' id='line_1_10' title="bbox 180 999 1165 1094; baseline -0.021 -7"><span class='ocrx_word' id='word_1_55' title='bbox 180 1019 218 1087; x_wconf 91' lang='lat' dir='ltr'>id</span> <span class='ocrx_word' id='word_1_56' title='bbox 233 1026 304 1093; x_wconf 92' lang='lat' dir='ltr'>est,</span> <span class='ocrx_word' id='word_1_57' title='bbox 329 1008 421 1076; x_wconf 91' lang='lat' dir='ltr'>bella</span> <span class='ocrx_word' id='word_1_58' title='bbox 439 1004 601 1074; x_wconf 78' lang='lat' dir='ltr'>Caesaris</span> <span class='ocrx_word' id='word_1_59' title='bbox 616 1002 808 1094; x_wconf 81' lang='lat' dir='ltr'>pingantur</span> <span class='ocrx_word' id='word_1_60' title='bbox 824 1002 861 1070; x_wconf 94' lang='lat' dir='ltr'>in</span> <span class='ocrx_word' id='word_1_61' title='bbox 878 999 1022 1069; x_wconf 85' lang='lat' dir='ltr'>aulaeis.</span> <span class='ocrx_word' id='word_1_62' title='bbox 1085 1000 1165 1068; x_wconf 79' lang='lat' dir='ltr'>Toi-</span> 
     </span>
     <span class='ocr_line' id='line_1_11' title="bbox 179 1102 1164 1208; baseline -0.026 -17"><span class='ocrx_word' id='word_1_63' title='bbox 179 1115 267 1208; x_wconf 75' lang='lat' dir='ltr'>unt]</span> <span class='ocrx_word' id='word_1_64' title='bbox 295 1113 330 1180; x_wconf 93' lang='lat' dir='ltr'>id</span> <span class='ocrx_word' id='word_1_65' title='bbox 347 1121 418 1193; x_wconf 92' lang='lat' dir='ltr'>est,</span> <span class='ocrx_word' id='word_1_66' title='bbox 443 1108 576 1177; x_wconf 85' lang='lat' dir='ltr'>iaciant</span> <span class='ocrx_word' id='word_1_67' title='bbox 593 1107 794 1196; x_wconf 88' lang='lat' dir='ltr'>conspicua.</span> <span class='ocrx_word' id='word_1_68' title='bbox 845 1102 884 1171; x_wconf 88' lang='lat' dir='ltr'>ld</span> <span class='ocrx_word' id='word_1_69' title='bbox 903 1112 974 1184; x_wconf 82' lang='lat' dir='ltr'>est,</span> <span class='ocrx_word' id='word_1_70' title='bbox 1003 1124 1067 1190; x_wconf 89' lang='lat' dir='ltr'>ego</span> <span class='ocrx_word' id='word_1_71' title='bbox 1092 1103 1164 1167; x_wconf 89' lang='lat' dir='ltr'>iam</span> 
     </span>
     <span class='ocr_line' id='line_1_12' title="bbox 70 1202 1165 1312; baseline -0.02 -18"><span class='ocrx_word' id='word_1_72' title='bbox 70 1274 81 1281; x_wconf 93' lang='lat'>-</span> <span class='ocrx_word' id='word_1_73' title='bbox 181 1221 317 1312; x_wconf 88' lang='lat' dir='ltr'>cogito,</span> <span class='ocrx_word' id='word_1_74' title='bbox 345 1237 416 1308; x_wconf 90' lang='lat' dir='ltr'>quo</span> <span class='ocrx_word' id='word_1_75' title='bbox 434 1214 542 1281; x_wconf 92' lang='lat' dir='ltr'>modo</span> <span class='ocrx_word' id='word_1_76' title='bbox 562 1210 610 1276; x_wconf 88' lang='lat' dir='ltr'>ibi</span> <span class='ocrx_word' id='word_1_77' title='bbox 627 1211 807 1298; x_wconf 80' lang='lat' dir='ltr'>pendeant</span> <span class='ocrx_word' id='word_1_78' title='bbox 825 1207 961 1288; x_wconf 89' lang='lat' dir='ltr'>aulaea,</span> <span class='ocrx_word' id='word_1_79' title='bbox 989 1202 1078 1271; x_wconf 92' lang='lat' dir='ltr'>etin</span> <span class='ocrx_word' id='word_1_80' title='bbox 1095 1203 1165 1272; x_wconf 92' lang='lat' dir='ltr'>illis</span> 
     </span>
     <span class='ocr_line' id='line_1_13' title="bbox 181 1313 666 1412; baseline -0.039 -15"><span class='ocrx_word' id='word_1_81' title='bbox 181 1325 253 1398; x_wconf 83' lang='lat' dir='ltr'>sint</span> <span class='ocrx_word' id='word_1_82' title='bbox 272 1320 364 1412; x_wconf 90' lang='lat' dir='ltr'>picta</span> <span class='ocrx_word' id='word_1_83' title='bbox 384 1316 476 1383; x_wconf 91' lang='lat' dir='ltr'>bella</span> <span class='ocrx_word' id='word_1_84' title='bbox 494 1313 666 1382; x_wconf 87' lang='lat' dir='ltr'>Caesaris.</span> 
     </span>
    </p>

    <p class='ocr_par' dir='ltr' id='par_1_8' title="bbox 282 1404 1053 1504">
     <span class='ocr_line' id='line_1_14' title="bbox 282 1404 1053 1504; baseline -0.021 -12"><span class='ocrx_word' id='word_1_85' title='bbox 282 1419 343 1491; x_wconf 86' lang='grc' dir='ltr'>νε.</span> <span class='ocrx_word' id='word_1_86' title='bbox 359 1418 421 1491; x_wconf 91' lang='grc'>27.</span> <span class='ocrx_word' id='word_1_87' title='bbox 448 1413 696 1504; x_wconf 76' lang='lat' dir='ltr'>Gaupuridum]</span> <span class='ocrx_word' id='word_1_88' title='bbox 722 1411 843 1490; x_wconf 91' lang='lat' dir='ltr'>idest,</span> <span class='ocrx_word' id='word_1_89' title='bbox 869 1404 1053 1476; x_wconf 90' lang='lat' dir='ltr'>lndorum.</span> 
     </span>
    </p>

    <p class='ocr_par' dir='ltr' id='par_1_9' title="bbox 182 1506 1168 1710">
     <span class='ocr_line' id='line_1_15' title="bbox 279 1506 1168 1609; baseline -0.018 -20"><span class='ocrx_word' id='word_1_90' title='bbox 279 1522 342 1593; x_wconf 80' lang='lat' dir='ltr'>Vs.</span> <span class='ocrx_word' id='word_1_91' title='bbox 356 1519 417 1594; x_wconf 91' lang='grc'>29.</span> <span class='ocrx_word' id='word_1_92' title='bbox 453 1520 588 1608; x_wconf 67' lang='lat' dir='ltr'>luteam]</span> <span class='ocrx_word' id='word_1_93' title='bbox 615 1516 697 1609; x_wconf 88' lang='lat' dir='ltr'>quia</span> <span class='ocrx_word' id='word_1_94' title='bbox 725 1513 855 1581; x_wconf 91' lang='lat' dir='ltr'>Caesar</span> <span class='ocrx_word' id='word_1_95' title='bbox 876 1509 1055 1600; x_wconf 81' lang='lat' dir='ltr'>Augustus</span> <span class='ocrx_word' id='word_1_96' title='bbox 1076 1506 1168 1599; x_wconf 90' lang='lat' dir='ltr'>cepit</span> 
     </span>
     <span class='ocr_line' id='line_1_16' title="bbox 182 1613 895 1710; baseline -0.028 -8"><span class='ocrx_word' id='word_1_97' title='bbox 182 1626 402 1703; x_wconf 79' lang='lat' dir='ltr'>Antonium,</span> <span class='ocrx_word' id='word_1_98' title='bbox 430 1633 463 1689; x_wconf 92' lang='lat' dir='ltr'>et</span> <span class='ocrx_word' id='word_1_99' title='bbox 481 1621 682 1710; x_wconf 83' lang='lat' dir='ltr'>Aegyptum</span> <span class='ocrx_word' id='word_1_100' title='bbox 699 1613 895 1704; x_wconf 88' lang='lat' dir='ltr'>occupavit.</span> 
     </span>
    </p>

    <p class='ocr_par' dir='ltr' id='par_1_10' title="bbox 282 1714 997 1810">
     <span class='ocr_line' id='line_1_17' title="bbox 282 1714 997 1810; baseline -0.015 -17"><span class='ocrx_word' id='word_1_101' title='bbox 282 1727 344 1797; x_wconf 85' lang='lat' dir='ltr'>Vs.</span> <span class='ocrx_word' id='word_1_102' title='bbox 362 1727 423 1795; x_wconf 94' lang='grc'>30.</span> <span class='ocrx_word' id='word_1_103' title='bbox 444 1721 641 1810; x_wconf 76' lang='lat' dir='ltr'>Mpiautem]</span> <span class='ocrx_word' id='word_1_104' title='bbox 667 1740 785 1806; x_wconf 88' lang='lat' dir='ltr'>regern</span> <span class='ocrx_word' id='word_1_105' title='bbox 804 1714 997 1783; x_wconf 88' lang='lat' dir='ltr'>Persicum.</span> 
     </span>
    </p>

    <p class='ocr_par' dir='ltr' id='par_1_11' title="bbox 184 1809 1169 2107">
     <span class='ocr_line' id='line_1_18' title="bbox 284 1809 1169 1914; baseline -0.016 -19"><span class='ocrx_word' id='word_1_106' title='bbox 284 1830 345 1897; x_wconf 90' lang='lat' dir='ltr'>Vs.</span> <span class='ocrx_word' id='word_1_107' title='bbox 359 1828 420 1895; x_wconf 91' lang='grc'><strong>31.</strong></span> <span class='ocrx_word' id='word_1_108' title='bbox 461 1828 638 1914; x_wconf 80' lang='lat' dir='ltr'>Vereisque</span> <span class='ocrx_word' id='word_1_109' title='bbox 667 1820 818 1909; x_wconf 71' lang='lat' dir='ltr'>sagittis]</span> <span class='ocrx_word' id='word_1_110' title='bbox 854 1816 936 1909; x_wconf 88' lang='lat' dir='ltr'>quia</span> <span class='ocrx_word' id='word_1_111' title='bbox 960 1809 1086 1883; x_wconf 79' lang='lat' dir='ltr'>Parthi</span> <span class='ocrx_word' id='word_1_112' title='bbox 1115 1812 1169 1881; x_wconf 86' lang='lat' dir='ltr'>lu-</span> 
     </span>
     <span class='ocr_line' id='line_1_19' title="bbox 184 1912 1168 2027; baseline -0.02 -25"><span class='ocrx_word' id='word_1_113' title='bbox 184 1936 319 2027; x_wconf 88' lang='lat' dir='ltr'>gientes</span> <span class='ocrx_word' id='word_1_114' title='bbox 342 1936 556 1995; x_wconf 91' lang='lat' dir='ltr'>convertunt</span> <span class='ocrx_word' id='word_1_115' title='bbox 578 1946 614 1991; x_wconf 89' lang='lat' dir='ltr'>se</span> <span class='ocrx_word' id='word_1_116' title='bbox 637 1933 672 1989; x_wconf 89' lang='lat' dir='ltr'>et</span> <span class='ocrx_word' id='word_1_117' title='bbox 693 1919 910 2001; x_wconf 91' lang='lat' dir='ltr'>iaculantur,</span> <span class='ocrx_word' id='word_1_118' title='bbox 947 1914 1037 1986; x_wconf 86' lang='lat' dir='ltr'>sicut</span> <span class='ocrx_word' id='word_1_119' title='bbox 1061 1912 1168 1983; x_wconf 89' lang='lat' dir='ltr'>hodie</span> 
     </span>
     <span class='ocr_line' id='line_1_20' title="bbox 184 2034 309 2107; baseline -0.064 0"><span class='ocrx_word' id='word_1_120' title='bbox 184 2034 309 2107; x_wconf 87' lang='lat' dir='ltr'>Turci.</span> 
     </span>
    </p>

    <p class='ocr_par' dir='ltr' id='par_1_12' title="bbox 182 2118 1171 2424">
     <span class='ocr_line' id='line_1_21' title="bbox 284 2118 1169 2220; baseline -0.014 -23"><span class='ocrx_word' id='word_1_121' title='bbox 284 2131 347 2202; x_wconf 88' lang='grc' dir='ltr'>νε.</span> <span class='ocrx_word' id='word_1_122' title='bbox 365 2131 425 2202; x_wconf 88' lang='grc'>32.</span> <span class='ocrx_word' id='word_1_123' title='bbox 461 2121 631 2220; x_wconf 84' lang='lat' dir='ltr'><strong><em>Tropaea]</em></strong></span> <span class='ocrx_word' id='word_1_124' title='bbox 664 2118 789 2191; x_wconf 84' lang='lat' dir='ltr'>Parthi</span> <span class='ocrx_word' id='word_1_125' title='bbox 811 2123 985 2192; x_wconf 88' lang='lat' dir='ltr'>miserunt</span> <span class='ocrx_word' id='word_1_126' title='bbox 1008 2118 1169 2208; x_wconf 79' lang='lat' dir='ltr'>Augusto</span> 
     </span>
     <span class='ocr_line' id='line_1_22' title="bbox 184 2218 1171 2332; baseline -0.024 -23"><span class='ocrx_word' id='word_1_127' title='bbox 184 2242 285 2332; x_wconf 87' lang='lat' dir='ltr'>signa</span> <span class='ocrx_word' id='word_1_128' title='bbox 301 2234 487 2311; x_wconf 82' lang='lat' dir='ltr'>Romana,</span> <span class='ocrx_word' id='word_1_129' title='bbox 515 2251 606 2320; x_wconf 92' lang='lat' dir='ltr'>quae</span> <span class='ocrx_word' id='word_1_130' title='bbox 622 2228 830 2293; x_wconf 79' lang='lat' dir='ltr'>ademerant</span> <span class='ocrx_word' id='word_1_131' title='bbox 845 2224 993 2303; x_wconf 87' lang='lat' dir='ltr'>Crasso,</span> <span class='ocrx_word' id='word_1_132' title='bbox 1019 2218 1088 2289; x_wconf 85' lang='lat' dir='ltr'>boc</span> <span class='ocrx_word' id='word_1_133' title='bbox 1103 2220 1171 2287; x_wconf 84' lang='lat' dir='ltr'>fuit</span> 
     </span>
     <span class='ocr_line' id='line_1_23' title="bbox 182 2324 1059 2424; baseline -0.026 -10"><span class='ocrx_word' id='word_1_134' title='bbox 182 2364 297 2415; x_wconf 91' lang='lat' dir='ltr'>unum</span> <span class='ocrx_word' id='word_1_135' title='bbox 314 2348 522 2424; x_wconf 81' lang='lat' dir='ltr'>tropaeum3</span> <span class='ocrx_word' id='word_1_136' title='bbox 549 2330 699 2396; x_wconf 90' lang='lat' dir='ltr'>alterum</span> <span class='ocrx_word' id='word_1_137' title='bbox 718 2326 785 2394; x_wconf 84' lang='lat' dir='ltr'>luit</span> <span class='ocrx_word' id='word_1_138' title='bbox 802 2349 843 2393; x_wconf 91' lang='lat' dir='ltr'>ex</span> <span class='ocrx_word' id='word_1_139' title='bbox 857 2324 1059 2392; x_wconf 80' lang='lat' dir='ltr'>Britannia.</span> 
     </span>
    </p>

    <p class='ocr_par' dir='ltr' id='par_1_13' title="bbox 185 2418 1170 2623">
     <span class='ocr_line' id='line_1_24' title="bbox 285 2418 1170 2523; baseline -0.018 -21"><span class='ocrx_word' id='word_1_140' title='bbox 285 2436 347 2506; x_wconf 86' lang='lat' dir='ltr'>Vs.</span> <span class='ocrx_word' id='word_1_141' title='bbox 363 2432 423 2503; x_wconf 79' lang='grc'>34.</span> <span class='ocrx_word' id='word_1_142' title='bbox 451 2433 567 2523; x_wconf 86' lang='lat' dir='ltr'>Parii]</span> <span class='ocrx_word' id='word_1_143' title='bbox 582 2433 693 2499; x_wconf 89' lang='lat' dir='ltr'>Paros</span> <span class='ocrx_word' id='word_1_144' title='bbox 708 2452 779 2496; x_wconf 88' lang='lat' dir='ltr'>una</span> <span class='ocrx_word' id='word_1_145' title='bbox 800 2425 1082 2519; x_wconf 86' lang='lat' dir='ltr'>enycladibns‚</span> <span class='ocrx_word' id='word_1_146' title='bbox 1108 2418 1170 2489; x_wconf 91' lang='lat' dir='ltr'>ubi</span> 
     </span>
     <span class='ocr_line' id='line_1_25' title="bbox 185 2533 858 2623; baseline -0.024 -8"><span class='ocrx_word' id='word_1_147' title='bbox 185 2539 342 2615; x_wconf 92' lang='lat' dir='ltr'>nascitur</span> <span class='ocrx_word' id='word_1_148' title='bbox 358 2533 668 2623; x_wconf 90' lang='lat' dir='ltr'>generosissimum</span> <span class='ocrx_word' id='word_1_149' title='bbox 687 2553 858 2599; x_wconf 89' lang='lat' dir='ltr'>marmor.</span> 
     </span>
    </p>

    <p class='ocr_par' dir='ltr' id='par_1_14' title="bbox 184 2628 1171 2937">
     <span class='ocr_line' id='line_1_26' title="bbox 288 2628 1171 2729; baseline -0.007 -25"><span class='ocrx_word' id='word_1_150' title='bbox 288 2639 349 2707; x_wconf 87' lang='lat' dir='ltr'>Vs.</span> <span class='ocrx_word' id='word_1_151' title='bbox 365 2637 427 2705; x_wconf 87' lang='grc'>37.</span> <span class='ocrx_word' id='word_1_152' title='bbox 455 2628 611 2729; x_wconf 83' lang='lat' dir='ltr'>Inuidia]</span> <span class='ocrx_word' id='word_1_153' title='bbox 639 2632 674 2699; x_wconf 92' lang='lat' dir='ltr'>id</span> <span class='ocrx_word' id='word_1_154' title='bbox 693 2643 762 2712; x_wconf 90' lang='lat' dir='ltr'>est,</span> <span class='ocrx_word' id='word_1_155' title='bbox 793 2630 926 2699; x_wconf 87' lang='lat' dir='ltr'>invidia</span> <span class='ocrx_word' id='word_1_156' title='bbox 945 2655 1020 2700; x_wconf 94' lang='lat' dir='ltr'>non</span> <span class='ocrx_word' id='word_1_157' title='bbox 1037 2628 1171 2721; x_wconf 87' lang='lat' dir='ltr'>poterit</span> 
     </span>
     <span class='ocr_line' id='line_1_27' title="bbox 185 2731 1169 2827; baseline -0.013 -14"><span class='ocrx_word' id='word_1_158' title='bbox 185 2741 276 2817; x_wconf 89' lang='lat' dir='ltr'>mihi</span> <span class='ocrx_word' id='word_1_159' title='bbox 290 2758 452 2819; x_wconf 72' lang='lat' dir='ltr'>nocere,</span> <span class='ocrx_word' id='word_1_160' title='bbox 493 2756 713 2827; x_wconf 72' lang='lat' dir='ltr'>quamquam</span> <span class='ocrx_word' id='word_1_161' title='bbox 734 2731 878 2801; x_wconf 86' lang='lat' dir='ltr'>videtur</span> <span class='ocrx_word' id='word_1_162' title='bbox 898 2732 957 2799; x_wconf 93' lang='lat' dir='ltr'>illa</span> <span class='ocrx_word' id='word_1_163' title='bbox 982 2735 1099 2803; x_wconf 85' lang='lat' dir='ltr'>dicere</span> <span class='ocrx_word' id='word_1_164' title='bbox 1126 2736 1169 2801; x_wconf 92' lang='lat' dir='ltr'>de</span> 
     </span>
     <span class='ocr_line' id='line_1_28' title="bbox 184 2833 967 2937; baseline -0.017 -19"><span class='ocrx_word' id='word_1_165' title='bbox 184 2850 364 2937; x_wconf 82' lang='lat' dir='ltr'>Augusto,</span> <span class='ocrx_word' id='word_1_166' title='bbox 392 2837 454 2932; x_wconf 91' lang='lat' dir='ltr'>qui</span> <span class='ocrx_word' id='word_1_167' title='bbox 471 2838 539 2906; x_wconf 85' lang='lat' dir='ltr'>fuit</span> <span class='ocrx_word' id='word_1_168' title='bbox 552 2833 773 2904; x_wconf 84' lang='lat' dir='ltr'>felicissimus</span> <span class='ocrx_word' id='word_1_169' title='bbox 790 2834 967 2925; x_wconf 88' lang='lat' dir='ltr'>princeps.</span> 
     </span>
    </p>

    <p class='ocr_par' dir='ltr' id='par_1_15' title="bbox 185 2936 1171 3146">
     <span class='ocr_line' id='line_1_29' title="bbox 285 2936 1171 3029; baseline -0.005 -20"><span class='ocrx_word' id='word_1_170' title='bbox 285 2944 345 3012; x_wconf 89' lang='lat' dir='ltr'>Vs.</span> <span class='ocrx_word' id='word_1_171' title='bbox 361 2942 422 3011; x_wconf 91' lang='grc'>38.</span> <span class='ocrx_word' id='word_1_172' title='bbox 448 2941 603 3029; x_wconf 75' lang='lat' dir='ltr'>Ixionis]</span> <span class='ocrx_word' id='word_1_173' title='bbox 627 2939 662 3005; x_wconf 93' lang='lat' dir='ltr'>id</span> <span class='ocrx_word' id='word_1_174' title='bbox 680 2950 749 3019; x_wconf 92' lang='lat' dir='ltr'>est,</span> <span class='ocrx_word' id='word_1_175' title='bbox 778 2936 921 3006; x_wconf 85' lang='lat' dir='ltr'>inferos.</span> <span class='ocrx_word' id='word_1_176' title='bbox 971 2936 1108 3008; x_wconf 82' lang='lat' dir='ltr'>Alludit</span> <span class='ocrx_word' id='word_1_177' title='bbox 1126 2938 1171 3005; x_wconf 92' lang='lat' dir='ltr'>ad</span> 
     </span>
     <span class='ocr_line' id='line_1_30' title="bbox 185 3045 555 3146; baseline -0.041 -25"><span class='ocrx_word' id='word_1_178' title='bbox 185 3070 320 3146; x_wconf 90' lang='lat' dir='ltr'>poenas</span> <span class='ocrx_word' id='word_1_179' title='bbox 344 3045 555 3110; x_wconf 81' lang='lat' dir='ltr'>inferorum.</span> 
     </span>
    </p>

    <p class='ocr_par' dir='ltr' id='par_1_16' title="bbox 113 3137 1172 3331">
     <span class='ocr_line' id='line_1_31' title="bbox 288 3137 1172 3230; baseline -0.005 -20"><span class='ocrx_word' id='word_1_180' title='bbox 288 3145 348 3212; x_wconf 90' lang='lat' dir='ltr'>Vs.</span> <span class='ocrx_word' id='word_1_181' title='bbox 367 3141 428 3211; x_wconf 91' lang='grc'>43.</span> <span class='ocrx_word' id='word_1_182' title='bbox 466 3141 581 3230; x_wconf 81' lang='lat' dir='ltr'>Vocat]</span> <span class='ocrx_word' id='word_1_183' title='bbox 609 3138 738 3220; x_wconf 91' lang='lat' dir='ltr'>idest,</span> <span class='ocrx_word' id='word_1_184' title='bbox 773 3161 838 3226; x_wconf 90' lang='lat' dir='ltr'>ego</span> <span class='ocrx_word' id='word_1_185' title='bbox 862 3137 997 3206; x_wconf 89' lang='lat' dir='ltr'>invitor</span> <span class='ocrx_word' id='word_1_186' title='bbox 1019 3141 1063 3207; x_wconf 93' lang='lat' dir='ltr'>ad</span> <span class='ocrx_word' id='word_1_187' title='bbox 1087 3139 1172 3210; x_wconf 87' lang='lat' dir='ltr'>scri·</span> 
     </span>
     <span class='ocr_line' id='line_1_32' title="bbox 113 3237 743 3331; baseline -0.022 -10"><span class='ocrx_word' id='word_1_188' title='bbox 113 3237 124 3249; x_wconf 53' lang='grc'><strong><em>’</em></strong></span> <span class='ocrx_word' id='word_1_189' title='bbox 185 3250 301 3320; x_wconf 89' lang='lat' dir='ltr'>benda</span> <span class='ocrx_word' id='word_1_190' title='bbox 319 3242 491 3331; x_wconf 81' lang='lat' dir='ltr'>Georgica</span> <span class='ocrx_word' id='word_1_191' title='bbox 511 3255 545 3306; x_wconf 89' lang='lat' dir='ltr'>et</span> <span class='ocrx_word' id='word_1_192' title='bbox 563 3239 743 3328; x_wconf 86' lang='lat' dir='ltr'>pecuaria.</span> 
     </span>
    </p>

    <p class='ocr_par' dir='ltr' id='par_1_17' title="bbox 289 3339 1108 3431">
     <span class='ocr_line' id='line_1_33' title="bbox 289 3339 1108 3431; baseline -0.005 -17"><span class='ocrx_word' id='word_1_193' title='bbox 289 3344 350 3413; x_wconf 85' lang='lat' dir='ltr'>Vs.</span> <span class='ocrx_word' id='word_1_194' title='bbox 367 3341 428 3412; x_wconf 89' lang='grc'>44.</span> <span class='ocrx_word' id='word_1_195' title='bbox 456 3339 577 3431; x_wconf 79' lang='lat' dir='ltr'>Canes]</span> <span class='ocrx_word' id='word_1_196' title='bbox 594 3339 640 3415; x_wconf 85' lang='lat' dir='ltr'>¹id</span> <span class='ocrx_word' id='word_1_197' title='bbox 658 3351 727 3419; x_wconf 89' lang='lat' dir='ltr'>est,</span> <span class='ocrx_word' id='word_1_198' title='bbox 754 3339 903 3406; x_wconf 88' lang='lat' dir='ltr'>materia</span> <span class='ocrx_word' id='word_1_199' title='bbox 921 3352 1025 3407; x_wconf 89' lang='lat' dir='ltr'>vocat</span> <span class='ocrx_word' id='word_1_200' title='bbox 1041 3367 1108 3411; x_wconf 90' lang='lat' dir='ltr'>me.</span> 
     </span>
    </p>

    <p class='ocr_par' dir='ltr' id='par_1_18' title="bbox 186 3437 1172 3750">
     <span class='ocr_line' id='line_1_34' title="bbox 291 3437 1172 3538; baseline -0.001 -26"><span class='ocrx_word' id='word_1_201' title='bbox 291 3445 352 3514; x_wconf 90' lang='lat' dir='ltr'>Vs.</span> <span class='ocrx_word' id='word_1_202' title='bbox 369 3444 429 3514; x_wconf 86' lang='grc'>48.</span> <span class='ocrx_word' id='word_1_203' title='bbox 473 3437 628 3538; x_wconf 62' lang='lat' dir='ltr'>witoni]</span> <span class='ocrx_word' id='word_1_204' title='bbox 664 3440 699 3507; x_wconf 95' lang='lat' dir='ltr'>id</span> <span class='ocrx_word' id='word_1_205' title='bbox 724 3453 796 3523; x_wconf 89' lang='grc' dir='ltr'><strong>εει,</strong></span> <span class='ocrx_word' id='word_1_206' title='bbox 827 3442 1009 3524; x_wconf 82' lang='lat' dir='ltr'>Aurorae,</span> <span class='ocrx_word' id='word_1_207' title='bbox 1045 3442 1081 3510; x_wconf 92' lang='lat' dir='ltr'>id</span> <span class='ocrx_word' id='word_1_208' title='bbox 1109 3455 1172 3526; x_wconf 90' lang='lat' dir='ltr'>est,</span> 
     </span>
     <span class='ocr_line' id='line_1_35' title="bbox 186 3541 1172 3643; baseline -0.012 -20"><span class='ocrx_word' id='word_1_209' title='bbox 186 3554 367 3643; x_wconf 90' lang='lat' dir='ltr'>Perpetuo</span> <span class='ocrx_word' id='word_1_210' title='bbox 385 3572 503 3615; x_wconf 89' lang='lat' dir='ltr'>meum</span> <span class='ocrx_word' id='word_1_211' title='bbox 522 3568 665 3612; x_wconf 76' lang='grc' dir='ltr'><strong>ειιιιιιειι</strong></span> <span class='ocrx_word' id='word_1_212' title='bbox 681 3541 937 3624; x_wconf 79' lang='lat' dir='ltr'>celebrabitur,</span> <span class='ocrx_word' id='word_1_213' title='bbox 964 3567 1073 3636; x_wconf 90' lang='lat' dir='ltr'>quam</span> <span class='ocrx_word' id='word_1_214' title='bbox 1093 3545 1172 3614; x_wconf 93' lang='lat' dir='ltr'>lon-</span> 
     </span>
     <span class='ocr_line' id='line_1_36' title="bbox 187 3645 918 3750; baseline -0.021 -22"><span class='ocrx_word' id='word_1_215' title='bbox 187 3681 271 3750; x_wconf 90' lang='lat' dir='ltr'>gum</span> <span class='ocrx_word' id='word_1_216' title='bbox 288 3650 442 3741; x_wconf 88' lang='lat' dir='ltr'>spatium</span> <span class='ocrx_word' id='word_1_217' title='bbox 457 3660 510 3720; x_wconf 88' lang='lat' dir='ltr'>est</span> <span class='ocrx_word' id='word_1_218' title='bbox 522 3648 567 3715; x_wconf 92' lang='lat' dir='ltr'>ab</span> <span class='ocrx_word' id='word_1_219' title='bbox 583 3645 795 3714; x_wconf 81' lang='lat' dir='ltr'>aeternitate</span> <span class='ocrx_word' id='word_1_220' title='bbox 806 3656 918 3713; x_wconf 89' lang='lat' dir='ltr'>retro.</span> 
     </span>
    </p>

    <p class='ocr_par' dir='ltr' id='par_1_19' title="bbox 185 3744 1172 4048">
     <span class='ocr_line' id='line_1_37' title="bbox 287 3744 1172 3844; baseline -0.014 -19"><span class='ocrx_word' id='word_1_221' title='bbox 287 3753 349 3824; x_wconf 85' lang='lat' dir='ltr'>Vs.</span> <span class='ocrx_word' id='word_1_222' title='bbox 364 3753 425 3825; x_wconf 89' lang='grc'>49.</span> <span class='ocrx_word' id='word_1_223' title='bbox 451 3754 522 3824; x_wconf 84' lang='lat' dir='ltr'>Seu</span> <span class='ocrx_word' id='word_1_224' title='bbox 537 3744 628 3844; x_wconf 79' lang='lat' dir='ltr'>quis]</span> <span class='ocrx_word' id='word_1_225' title='bbox 655 3746 709 3814; x_wconf 92' lang='lat' dir='ltr'>De</span> <span class='ocrx_word' id='word_1_226' title='bbox 726 3746 841 3815; x_wconf 92' lang='lat' dir='ltr'>bobus</span> <span class='ocrx_word' id='word_1_227' title='bbox 856 3758 891 3813; x_wconf 90' lang='lat' dir='ltr'>et</span> <span class='ocrx_word' id='word_1_228' title='bbox 905 3745 1024 3838; x_wconf 90' lang='lat' dir='ltr'>equis,</span> <span class='ocrx_word' id='word_1_229' title='bbox 1050 3759 1084 3814; x_wconf 93' lang='lat' dir='ltr'>et</span> <span class='ocrx_word' id='word_1_230' title='bbox 1099 3747 1172 3838; x_wconf 90' lang='lat' dir='ltr'>pri·</span> 
     </span>
     <span class='ocr_line' id='line_1_38' title="bbox 185 3845 1172 3938; baseline -0.011 -9"><span class='ocrx_word' id='word_1_231' title='bbox 185 3885 247 3929; x_wconf 95' lang='lat' dir='ltr'>mo</span> <span class='ocrx_word' id='word_1_232' title='bbox 265 3859 308 3925; x_wconf 89' lang='lat' dir='ltr'>de</span> <span class='ocrx_word' id='word_1_233' title='bbox 324 3858 449 3923; x_wconf 89' lang='lat' dir='ltr'>bobus.</span> <span class='ocrx_word' id='word_1_234' title='bbox 501 3851 585 3918; x_wconf 89' lang='lat' dir='ltr'>lllae</span> <span class='ocrx_word' id='word_1_235' title='bbox 601 3845 855 3938; x_wconf 84' lang='lat' dir='ltr'>descriptiones</span> <span class='ocrx_word' id='word_1_236' title='bbox 872 3860 954 3917; x_wconf 91' lang='lat' dir='ltr'>sunt</span> <span class='ocrx_word' id='word_1_237' title='bbox 977 3848 1080 3917; x_wconf 89' lang='lat' dir='ltr'>valde</span> <span class='ocrx_word' id='word_1_238' title='bbox 1103 3849 1172 3918; x_wconf 90' lang='lat' dir='ltr'>uti-</span> 
     </span>
     <span class='ocr_line' id='line_1_39' title="bbox 186 3953 687 4048; baseline -0.022 -19"><span class='ocrx_word' id='word_1_239' title='bbox 186 3962 237 4028; x_wconf 85' lang='lat' dir='ltr'>les</span> <span class='ocrx_word' id='word_1_240' title='bbox 252 3970 401 4048; x_wconf 90' lang='lat' dir='ltr'>propter</span> <span class='ocrx_word' id='word_1_241' title='bbox 417 3953 687 4041; x_wconf 85' lang='lat' dir='ltr'>proprietatem.</span> 
     </span>
    </p>

    <p class='ocr_par' dir='ltr' id='par_1_20' title="bbox 187 4046 1171 4252">
     <span class='ocr_line' id='line_1_40' title="bbox 288 4046 1171 4147; baseline 0.002 -27"><span class='ocrx_word' id='word_1_242' title='bbox 288 4055 349 4123; x_wconf 89' lang='lat' dir='ltr'>Vs.</span> <span class='ocrx_word' id='word_1_243' title='bbox 365 4050 426 4123; x_wconf 73' lang='lat'>5³.</span> <span class='ocrx_word' id='word_1_244' title='bbox 459 4046 638 4147; x_wconf 78' lang='lat' dir='ltr'>Puieuriu]</span> <span class='ocrx_word' id='word_1_245' title='bbox 661 4051 697 4118; x_wconf 94' lang='lat' dir='ltr'>id</span> <span class='ocrx_word' id='word_1_246' title='bbox 722 4061 793 4135; x_wconf 69' lang='grc' dir='ltr'><strong>εειι</strong></span> <span class='ocrx_word' id='word_1_247' title='bbox 825 4049 907 4120; x_wconf 90' lang='lat' dir='ltr'>illae</span> <span class='ocrx_word' id='word_1_248' title='bbox 933 4051 1035 4120; x_wconf 80' lang='lat' dir='ltr'>laxae</span> <span class='ocrx_word' id='word_1_249' title='bbox 1062 4053 1171 4145; x_wconf 91' lang='lat' dir='ltr'>pelles</span> 
     </span>
     <span class='ocr_line' id='line_1_41' title="bbox 187 4154 561 4252; baseline -0.011 -24"><span class='ocrx_word' id='word_1_250' title='bbox 187 4159 381 4252; x_wconf 87' lang='lat' dir='ltr'>pendentes</span> <span class='ocrx_word' id='word_1_251' title='bbox 397 4156 440 4223; x_wconf 92' lang='lat' dir='ltr'>de</span> <span class='ocrx_word' id='word_1_252' title='bbox 457 4154 561 4224; x_wconf 92' lang='lat' dir='ltr'>collo.</span> 
     </span>
    </p>
   </div>
   <div class='ocr_carea' id='block_1_8' title="bbox 1215 683 2205 774">
    <p class='ocr_par' dir='ltr' id='par_1_21' title="bbox 1215 683 2205 774">
     <span class='ocr_line' id='line_1_42' title="bbox 1215 683 2205 774; baseline 0.008 -25"><span class='ocrx_word' id='word_1_253' title='bbox 1215 684 1394 752; x_wconf 80' lang='lat' dir='ltr'>infirmam</span> <span class='ocrx_word' id='word_1_254' title='bbox 1409 705 1483 751; x_wconf 87' lang='lat' dir='ltr'>esse</span> <span class='ocrx_word' id='word_1_255' title='bbox 1507 694 1650 764; x_wconf 91' lang='lat' dir='ltr'>natam,</span> <span class='ocrx_word' id='word_1_256' title='bbox 1682 692 1717 749; x_wconf 85' lang='lat' dir='ltr'>et</span> <span class='ocrx_word' id='word_1_257' title='bbox 1740 695 1840 751; x_wconf 89' lang='lat' dir='ltr'>tuam</span> <span class='ocrx_word' id='word_1_258' title='bbox 1864 683 2121 774; x_wconf 79' lang='lat' dir='ltr'>negligentiam</span> <span class='ocrx_word' id='word_1_259' title='bbox 2148 714 2205 758; x_wconf 89' lang='lat' dir='ltr'>ac-</span> 
     </span>
    </p>
   </div>
   <div class='ocr_carea' id='block_1_9' title="bbox 1216 810 1869 995">
    <p class='ocr_par' dir='ltr' id='par_1_22' title="bbox 1216 810 1869 995">
     <span class='ocr_line' id='line_1_43' title="bbox 1216 810 1325 856; baseline 0.018 -2"><span class='ocrx_word' id='word_1_260' title='bbox 1216 810 1325 856; x_wconf 84' lang='lat' dir='ltr'>enses.</span> 
     </span>
     <span class='ocr_line' id='line_1_44' title="bbox 1318 898 1869 995; baseline 0.005 -26"><span class='ocrx_word' id='word_1_261' title='bbox 1318 904 1379 974; x_wconf 88' lang='lat' dir='ltr'>Vs.</span> <span class='ocrx_word' id='word_1_262' title='bbox 1395 902 1455 975; x_wconf 87' lang='grc'>72.</span> <span class='ocrx_word' id='word_1_263' title='bbox 1481 906 1553 973; x_wconf 86' lang='grc' dir='ltr'><strong>Νεε</strong></span> <span class='ocrx_word' id='word_1_264' title='bbox 1568 902 1651 993; x_wconf 79' lang='lat' dir='ltr'>nou]</span> <span class='ocrx_word' id='word_1_265' title='bbox 1677 898 1731 970; x_wconf 91' lang='lat' dir='ltr'>Dc</span> <span class='ocrx_word' id='word_1_266' title='bbox 1757 901 1869 995; x_wconf 91' lang='lat' dir='ltr'>equis.</span> 
     </span>
    </p>
   </div>
   <div class='ocr_carea' id='block_1_10' title="bbox 1217 1020 2206 1390">
    <p class='ocr_par' dir='ltr' id='par_1_23' title="bbox 1217 1020 2206 1390">
     <span class='ocr_line' id='line_1_45' title="bbox 1316 1020 2206 1116; baseline 0.003 -26"><span class='ocrx_word' id='word_1_267' title='bbox 1316 1023 1377 1094; x_wconf 86' lang='lat' dir='ltr'>Vs.</span> <span class='ocrx_word' id='word_1_268' title='bbox 1391 1021 1450 1092; x_wconf 88' lang='grc'>73.</span> <span class='ocrx_word' id='word_1_269' title='bbox 1472 1025 1515 1092; x_wconf 84' lang='lat' dir='ltr'>Ia</span> <span class='ocrx_word' id='word_1_270' title='bbox 1530 1022 1636 1111; x_wconf 80' lang='lat' dir='ltr'>spem]</span> <span class='ocrx_word' id='word_1_271' title='bbox 1653 1020 1688 1088; x_wconf 94' lang='lat' dir='ltr'>id</span> <span class='ocrx_word' id='word_1_272' title='bbox 1706 1034 1769 1102; x_wconf 89' lang='lat' dir='ltr'>est,</span> <span class='ocrx_word' id='word_1_273' title='bbox 1787 1021 1972 1115; x_wconf 86' lang='lat' dir='ltr'>exquibus</span> <span class='ocrx_word' id='word_1_274' title='bbox 1990 1024 2042 1094; x_wconf 89' lang='lat' dir='ltr'>vis</span> <span class='ocrx_word' id='word_1_275' title='bbox 2060 1024 2206 1116; x_wconf 80' lang='lat' dir='ltr'>gignere</span> 
     </span>
     <span class='ocr_line' id='line_1_46' title="bbox 1217 1122 1810 1217; baseline -0.007 -23"><span class='ocrx_word' id='word_1_276' title='bbox 1217 1126 1317 1196; x_wconf 84' lang='lat' dir='ltr'>alios.</span> <span class='ocrx_word' id='word_1_277' title='bbox 1368 1125 1425 1193; x_wconf 87' lang='lat' dir='ltr'>Sic</span> <span class='ocrx_word' id='word_1_278' title='bbox 1445 1122 1615 1192; x_wconf 89' lang='lat' dir='ltr'>Horatius</span> <span class='ocrx_word' id='word_1_279' title='bbox 1626 1123 1657 1217; x_wconf 74' lang='grc'>7)</span> <span class='ocrx_word' id='word_1_280' title='bbox 1677 1123 1810 1216; x_wconf 88' lang='lat' dir='ltr'>iuquit:</span> 
     </span>
     <span class='ocr_line' id='line_1_47' title="bbox 1421 1240 2030 1294; baseline -0.008 -2"><span class='ocrx_word' id='word_1_281' title='bbox 1421 1241 1524 1292; x_wconf 83' lang='lat' dir='ltr'>Fortes</span> <span class='ocrx_word' id='word_1_282' title='bbox 1542 1243 1672 1290; x_wconf 80' lang='lat' dir='ltr'>creantur</span> <span class='ocrx_word' id='word_1_283' title='bbox 1690 1241 1809 1291; x_wconf 82' lang='lat' dir='ltr'>sortibus</span> <span class='ocrx_word' id='word_1_284' title='bbox 1828 1244 1856 1289; x_wconf 88' lang='lat' dir='ltr'>et</span> <span class='ocrx_word' id='word_1_285' title='bbox 1874 1240 1964 1290; x_wconf 78' lang='lat' dir='ltr'>boote.</span> <span class='ocrx_word' id='word_1_286' title='bbox 2025 1288 2030 1294; x_wconf 77' lang='grc'><strong>,</strong></span> 
     </span>
     <span class='ocr_line' id='line_1_48' title="bbox 1421 1325 2016 1390; baseline 0.002 -14"><span class='ocrx_word' id='word_1_287' title='bbox 1421 1328 1472 1376; x_wconf 79' lang='lat' dir='ltr'>Est</span> <span class='ocrx_word' id='word_1_288' title='bbox 1490 1326 1518 1375; x_wconf 84' lang='lat' dir='ltr'>tu</span> <span class='ocrx_word' id='word_1_289' title='bbox 1536 1327 1674 1390; x_wconf 86' lang='lat' dir='ltr'>tovcucts,</span> <span class='ocrx_word' id='word_1_290' title='bbox 1700 1327 1744 1376; x_wconf 87' lang='grc' dir='ltr'>εει</span> <span class='ocrx_word' id='word_1_291' title='bbox 1761 1325 1790 1375; x_wconf 86' lang='lat' dir='ltr'>in</span> <span class='ocrx_word' id='word_1_292' title='bbox 1808 1325 1887 1388; x_wconf 84' lang='lat' dir='ltr'>equis</span> <span class='ocrx_word' id='word_1_293' title='bbox 1906 1327 2016 1388; x_wconf 81' lang='lat' dir='ltr'>patrum</span> 
     </span>
    </p>
   </div>
   <div class='ocr_carea' id='block_1_11' title="bbox 1423 1410 1918 1558">
    <p class='ocr_par' dir='ltr' id='par_1_24' title="bbox 1423 1410 1918 1558">
     <span class='ocr_line' id='line_1_49' title="bbox 1423 1410 1895 1475; baseline 0.002 -17"><span class='ocrx_word' id='word_1_294' title='bbox 1423 1410 1539 1475; x_wconf 75' lang='lat' dir='ltr'>Virtus,</span> <span class='ocrx_word' id='word_1_295' title='bbox 1564 1423 1614 1460; x_wconf 86' lang='lat' dir='ltr'>neo</span> <span class='ocrx_word' id='word_1_296' title='bbox 1632 1410 1767 1460; x_wconf 84' lang='lat' dir='ltr'>tmbetlem</span> <span class='ocrx_word' id='word_1_297' title='bbox 1786 1411 1895 1459; x_wconf 77' lang='lat' dir='ltr'>seroces</span> 
     </span>
     <span class='ocr_line' id='line_1_50' title="bbox 1423 1494 1918 1558; baseline 0 -14"><span class='ocrx_word' id='word_1_298' title='bbox 1423 1494 1615 1558; x_wconf 77' lang='lat' dir='ltr'>Progenerant</span> <span class='ocrx_word' id='word_1_299' title='bbox 1632 1494 1741 1557; x_wconf 75' lang='lat' dir='ltr'>aqtattoe</span> <span class='ocrx_word' id='word_1_300' title='bbox 1757 1495 1918 1544; x_wconf 79' lang='lat' dir='ltr'>columbam.</span> 
     </span>
    </p>
   </div>
   <div class='ocr_carea' id='block_1_12' title="bbox 1218 1580 2208 2610">
    <p class='ocr_par' dir='ltr' id='par_1_25' title="bbox 1218 1580 2208 2610">
     <span class='ocr_line' id='line_1_51' title="bbox 1218 1580 2204 1674; baseline 0 -24"><span class='ocrx_word' id='word_1_301' title='bbox 1218 1580 1327 1664; x_wconf 88' lang='lat' dir='ltr'>Item,</span> <span class='ocrx_word' id='word_1_302' title='bbox 1372 1581 1579 1651; x_wconf 80' lang='lat' dir='ltr'>Aristoteles</span> <span class='ocrx_word' id='word_1_303' title='bbox 1617 1581 1752 1674; x_wconf 88' lang='lat' dir='ltr'>inquit:</span> <span class='ocrx_word' id='word_1_304' title='bbox 1799 1582 1971 1652; x_wconf 87' lang='lat' dir='ltr'>Naturale</span> <span class='ocrx_word' id='word_1_305' title='bbox 2005 1595 2057 1652; x_wconf 89' lang='lat' dir='ltr'>est</span> <span class='ocrx_word' id='word_1_306' title='bbox 2088 1585 2204 1651; x_wconf 90' lang='lat' dir='ltr'>omni-</span> 
     </span>
     <span class='ocr_line' id='line_1_52' title="bbox 1218 1679 2206 1776; baseline -0.001 -22"><span class='ocrx_word' id='word_1_307' title='bbox 1218 1687 1286 1754; x_wconf 89' lang='lat' dir='ltr'>bus</span> <span class='ocrx_word' id='word_1_308' title='bbox 1300 1683 1542 1752; x_wconf 88' lang='lat' dir='ltr'>animantibus</span> <span class='ocrx_word' id='word_1_309' title='bbox 1559 1685 1703 1774; x_wconf 90' lang='lat' dir='ltr'>gignere</span> <span class='ocrx_word' id='word_1_310' title='bbox 1716 1684 1843 1754; x_wconf 89' lang='lat' dir='ltr'>simile.</span> <span class='ocrx_word' id='word_1_311' title='bbox 1894 1683 1941 1752; x_wconf 88' lang='lat' dir='ltr'>Et</span> <span class='ocrx_word' id='word_1_312' title='bbox 1959 1679 2028 1753; x_wconf 85' lang='lat' dir='ltr'>hoc</span> <span class='ocrx_word' id='word_1_313' title='bbox 2051 1697 2104 1755; x_wconf 89' lang='lat' dir='ltr'>est</span> <span class='ocrx_word' id='word_1_314' title='bbox 2126 1685 2206 1776; x_wconf 90' lang='lat' dir='ltr'>pul·</span> 
     </span>
     <span class='ocr_line' id='line_1_53' title="bbox 1220 1783 2208 1878; baseline 0.001 -24"><span class='ocrx_word' id='word_1_315' title='bbox 1220 1783 1436 1854; x_wconf 90' lang='lat' dir='ltr'>cherrimom</span> <span class='ocrx_word' id='word_1_316' title='bbox 1459 1786 1722 1866; x_wconf 84' lang='lat' dir='ltr'>testimonium,</span> <span class='ocrx_word' id='word_1_317' title='bbox 1758 1788 1856 1878; x_wconf 89' lang='lat' dir='ltr'>qnod</span> <span class='ocrx_word' id='word_1_318' title='bbox 1876 1799 2004 1855; x_wconf 90' lang='lat' dir='ltr'>natura</span> <span class='ocrx_word' id='word_1_319' title='bbox 2031 1809 2105 1853; x_wconf 92' lang='lat' dir='ltr'>non</span> <span class='ocrx_word' id='word_1_320' title='bbox 2131 1787 2208 1855; x_wconf 81' lang='lat' dir='ltr'>exi·</span> 
     </span>
     <span class='ocr_line' id='line_1_54' title="bbox 1220 1887 2202 1978; baseline -0.006 -19"><span class='ocrx_word' id='word_1_321' title='bbox 1220 1901 1396 1959; x_wconf 85' lang='lat' dir='ltr'>statcasu.</span> <span class='ocrx_word' id='word_1_322' title='bbox 1447 1887 1683 1978; x_wconf 91' lang='lat' dir='ltr'>Hippocrates</span> <span class='ocrx_word' id='word_1_323' title='bbox 1698 1887 1808 1955; x_wconf 88' lang='lat' dir='ltr'>etiam</span> <span class='ocrx_word' id='word_1_324' title='bbox 1830 1887 1932 1969; x_wconf 89' lang='lat' dir='ltr'>dicit,</span> <span class='ocrx_word' id='word_1_325' title='bbox 1965 1887 2123 1955; x_wconf 89' lang='lat' dir='ltr'>sobolem</span> <span class='ocrx_word' id='word_1_326' title='bbox 2150 1889 2202 1954; x_wconf 87' lang='lat' dir='ltr'>ita</span> 
     </span>
     <span class='ocr_line' id='line_1_55' title="bbox 1221 1987 2201 2070; baseline -0.004 -12"><span class='ocrx_word' id='word_1_327' title='bbox 1221 1990 1355 2058; x_wconf 91' lang='lat' dir='ltr'>imitari</span> <span class='ocrx_word' id='word_1_328' title='bbox 1382 1989 1526 2058; x_wconf 88' lang='lat' dir='ltr'>seminis</span> <span class='ocrx_word' id='word_1_329' title='bbox 1558 2001 1745 2070; x_wconf 90' lang='lat' dir='ltr'>naturam,</span> <span class='ocrx_word' id='word_1_330' title='bbox 1787 2001 1827 2058; x_wconf 93' lang='lat' dir='ltr'>ut</span> <span class='ocrx_word' id='word_1_331' title='bbox 1855 1989 1993 2056; x_wconf 88' lang='lat' dir='ltr'>infirma</span> <span class='ocrx_word' id='word_1_332' title='bbox 2017 1999 2052 2055; x_wconf 88' lang='lat' dir='ltr'>et</span> <span class='ocrx_word' id='word_1_333' title='bbox 2072 1987 2201 2054; x_wconf 89' lang='lat' dir='ltr'>vitiata</span> 
     </span>
     <span class='ocr_line' id='line_1_56' title="bbox 1220 2088 2206 2182; baseline -0.005 -21"><span class='ocrx_word' id='word_1_334' title='bbox 1220 2094 1380 2161; x_wconf 87' lang='lat' dir='ltr'>membra</span> <span class='ocrx_word' id='word_1_335' title='bbox 1395 2104 1584 2182; x_wconf 88' lang='lat' dir='ltr'>parentum</span> <span class='ocrx_word' id='word_1_336' title='bbox 1609 2104 1731 2182; x_wconf 88' lang='lat' dir='ltr'>postea</span> <span class='ocrx_word' id='word_1_337' title='bbox 1758 2091 1866 2159; x_wconf 90' lang='lat' dir='ltr'>etiam</span> <span class='ocrx_word' id='word_1_338' title='bbox 1886 2101 2130 2181; x_wconf 88' lang='lat' dir='ltr'>propagentur</span> <span class='ocrx_word' id='word_1_339' title='bbox 2151 2088 2206 2157; x_wconf 84' lang='lat' dir='ltr'>ita</span> 
     </span>
     <span class='ocr_line' id='line_1_57' title="bbox 1220 2188 2206 2286; baseline -0.003 -25"><span class='ocrx_word' id='word_1_340' title='bbox 1220 2195 1258 2261; x_wconf 95' lang='lat' dir='ltr'>in</span> <span class='ocrx_word' id='word_1_341' title='bbox 1276 2194 1426 2275; x_wconf 90' lang='lat' dir='ltr'>liberos,</span> <span class='ocrx_word' id='word_1_342' title='bbox 1453 2206 1511 2277; x_wconf 90' lang='lat' dir='ltr'>ut,</span> <span class='ocrx_word' id='word_1_343' title='bbox 1538 2197 1682 2286; x_wconf 91' lang='lat' dir='ltr'>quando</span> <span class='ocrx_word' id='word_1_344' title='bbox 1697 2206 1862 2285; x_wconf 88' lang='lat' dir='ltr'>parentes</span> <span class='ocrx_word' id='word_1_345' title='bbox 1876 2188 2069 2264; x_wconf 85' lang='lat' dir='ltr'>habuerint</span> <span class='ocrx_word' id='word_1_346' title='bbox 2092 2190 2206 2258; x_wconf 92' lang='lat' dir='ltr'>imbe-</span> 
     </span>
     <span class='ocr_line' id='line_1_58' title="bbox 1221 2292 2206 2379; baseline -0.006 -15"><span class='ocrx_word' id='word_1_347' title='bbox 1221 2296 1299 2364; x_wconf 90' lang='lat' dir='ltr'>cille</span> <span class='ocrx_word' id='word_1_348' title='bbox 1316 2296 1521 2377; x_wconf 89' lang='lat' dir='ltr'>cerebrum,</span> <span class='ocrx_word' id='word_1_349' title='bbox 1549 2296 1667 2379; x_wconf 87' lang='lat' dir='ltr'>iecur,</span> <span class='ocrx_word' id='word_1_350' title='bbox 1694 2308 1729 2365; x_wconf 90' lang='lat' dir='ltr'>et</span> <span class='ocrx_word' id='word_1_351' title='bbox 1746 2296 1870 2365; x_wconf 86' lang='lat' dir='ltr'>similis</span> <span class='ocrx_word' id='word_1_352' title='bbox 1886 2296 1994 2363; x_wconf 91' lang='lat' dir='ltr'>etiam</span> <span class='ocrx_word' id='word_1_353' title='bbox 2020 2292 2206 2362; x_wconf 88' lang='lat' dir='ltr'>imbecilli-</span> 
     </span>
     <span class='ocr_line' id='line_1_59' title="bbox 1221 2396 1543 2468; baseline -0.003 -2"><span class='ocrx_word' id='word_1_354' title='bbox 1221 2411 1275 2468; x_wconf 88' lang='lat' dir='ltr'>tas</span> <span class='ocrx_word' id='word_1_355' title='bbox 1292 2397 1389 2467; x_wconf 86' lang='lat' dir='ltr'>sitin</span> <span class='ocrx_word' id='word_1_356' title='bbox 1412 2396 1543 2466; x_wconf 88' lang='lat' dir='ltr'>liberis.</span> 
     </span>
     <span class='ocr_line' id='line_1_60' title="bbox 1321 2509 2035 2610; baseline 0.003 -29"><span class='ocrx_word' id='word_1_357' title='bbox 1321 2515 1382 2587; x_wconf 88' lang='grc' dir='ltr'>νε.</span> <span class='ocrx_word' id='word_1_358' title='bbox 1398 2516 1459 2586; x_wconf 88' lang='grc'>79.</span> <span class='ocrx_word' id='word_1_359' title='bbox 1486 2509 1628 2610; x_wconf 79' lang='lat' dir='ltr'>Horret]</span> <span class='ocrx_word' id='word_1_360' title='bbox 1654 2512 1701 2585; x_wconf 86' lang='lat' dir='ltr'>Es</span> <span class='ocrx_word' id='word_1_361' title='bbox 1717 2511 1910 2585; x_wconf 86' lang='lat' dir='ltr'>erschrickt</span> <span class='ocrx_word' id='word_1_362' title='bbox 1924 2511 2035 2583; x_wconf 86' lang='lat' dir='ltr'>nicht.</span> 
     </span>
    </p>
   </div>
   <div class='ocr_carea' id='block_1_13' title="bbox 1220 2627 2212 4156">
    <p class='ocr_par' dir='ltr' id='par_1_26' title="bbox 1220 2627 2212 4156">
     <span class='ocr_line' id='line_1_61' title="bbox 1323 2627 2206 2729; baseline -0.008 -28"><span class='ocrx_word' id='word_1_363' title='bbox 1323 2634 1383 2706; x_wconf 87' lang='lat' dir='ltr'>Vs.</span> <span class='ocrx_word' id='word_1_364' title='bbox 1402 2636 1462 2706; x_wconf 87' lang='lat'>81.</span> <span class='ocrx_word' id='word_1_365' title='bbox 1489 2638 1729 2729; x_wconf 68' lang='lat' dir='ltr'>Luxuriatque</span> <span class='ocrx_word' id='word_1_366' title='bbox 1746 2634 1848 2726; x_wconf 81' lang='lat' dir='ltr'>toris]</span> <span class='ocrx_word' id='word_1_367' title='bbox 1873 2633 2000 2716; x_wconf 91' lang='lat' dir='ltr'>idest,</span> <span class='ocrx_word' id='word_1_368' title='bbox 2027 2627 2206 2700; x_wconf 91' lang='lat' dir='ltr'>musculis.</span> 
     </span>
     <span class='ocr_line' id='line_1_62' title="bbox 1221 2731 2208 2830; baseline -0.005 -27"><span class='ocrx_word' id='word_1_369' title='bbox 1221 2735 1270 2806; x_wconf 88' lang='lat' dir='ltr'>Es</span> <span class='ocrx_word' id='word_1_370' title='bbox 1284 2731 1346 2805; x_wconf 82' lang='lat' dir='ltr'>hat</span> <span class='ocrx_word' id='word_1_371' title='bbox 1364 2762 1470 2830; x_wconf 90' lang='lat' dir='ltr'>seyne</span> <span class='ocrx_word' id='word_1_372' title='bbox 1487 2762 1606 2828; x_wconf 86' lang='lat' dir='ltr'>grosse</span> <span class='ocrx_word' id='word_1_373' title='bbox 1623 2739 1812 2806; x_wconf 91' lang='lat' dir='ltr'>musculos.</span> <span class='ocrx_word' id='word_1_374' title='bbox 1851 2735 1914 2804; x_wconf 82' lang='lat' dir='ltr'>Est</span> <span class='ocrx_word' id='word_1_375' title='bbox 1929 2748 2049 2804; x_wconf 85' lang='lat' dir='ltr'>autem</span> <span class='ocrx_word' id='word_1_376' title='bbox 2066 2754 2208 2801; x_wconf 89' lang='lat' dir='ltr'>muscu-</span> 
     </span>
     <span class='ocr_line' id='line_1_63' title="bbox 1220 2839 2212 2922; baseline -0.004 -17"><span class='ocrx_word' id='word_1_377' title='bbox 1220 2839 1275 2908; x_wconf 90' lang='lat' dir='ltr'>lus</span> <span class='ocrx_word' id='word_1_378' title='bbox 1303 2862 1385 2908; x_wconf 90' lang='lat' dir='ltr'>caro</span> <span class='ocrx_word' id='word_1_379' title='bbox 1411 2865 1453 2909; x_wconf 84' lang='lat' dir='ltr'>ex</span> <span class='ocrx_word' id='word_1_380' title='bbox 1477 2839 1597 2909; x_wconf 91' lang='lat' dir='ltr'>multis</span> <span class='ocrx_word' id='word_1_381' title='bbox 1620 2840 1737 2907; x_wconf 91' lang='lat' dir='ltr'>nervis</span> <span class='ocrx_word' id='word_1_382' title='bbox 1762 2850 1795 2905; x_wconf 93' lang='lat' dir='ltr'>et</span> <span class='ocrx_word' id='word_1_383' title='bbox 1818 2860 1922 2903; x_wconf 90' lang='lat' dir='ltr'>carne</span> <span class='ocrx_word' id='word_1_384' title='bbox 1938 2844 2143 2922; x_wconf 87' lang='lat' dir='ltr'>compacta,</span> <span class='ocrx_word' id='word_1_385' title='bbox 2174 2841 2212 2901; x_wconf 85' lang='lat' dir='ltr'>et</span> 
     </span>
     <span class='ocr_line' id='line_1_64' title="bbox 1221 2935 2210 3031; baseline -0.003 -24"><span class='ocrx_word' id='word_1_386' title='bbox 1221 2953 1458 3011; x_wconf 89' lang='lat' dir='ltr'>numerantur</span> <span class='ocrx_word' id='word_1_387' title='bbox 1479 2942 1583 3010; x_wconf 91' lang='lat' dir='ltr'>multi</span> <span class='ocrx_word' id='word_1_388' title='bbox 1607 2938 1753 3009; x_wconf 93' lang='lat' dir='ltr'>musculi</span> <span class='ocrx_word' id='word_1_389' title='bbox 1775 2962 1794 3004; x_wconf 91' lang='lat' dir='ltr'>a</span> <span class='ocrx_word' id='word_1_390' title='bbox 1817 2936 1964 3031; x_wconf 84' lang='lat' dir='ltr'>medicis</span> <span class='ocrx_word' id='word_1_391' title='bbox 1983 2935 2021 3002; x_wconf 94' lang='lat' dir='ltr'>in</span> <span class='ocrx_word' id='word_1_392' title='bbox 2050 2959 2210 3027; x_wconf 92' lang='lat' dir='ltr'>corpore</span> 
     </span>
     <span class='ocr_line' id='line_1_65' title="bbox 1222 3038 2210 3133; baseline -0.003 -24"><span class='ocrx_word' id='word_1_393' title='bbox 1222 3038 1402 3127; x_wconf 92' lang='lat' dir='ltr'>humano,</span> <span class='ocrx_word' id='word_1_394' title='bbox 1438 3041 1512 3114; x_wconf 83' lang='lat'>400</span> <span class='ocrx_word' id='word_1_395' title='bbox 1526 3056 1559 3112; x_wconf 89' lang='lat' dir='ltr'>et</span> <span class='ocrx_word' id='word_1_396' title='bbox 1575 3039 1642 3125; x_wconf 88' lang='lat'>50,</span> <span class='ocrx_word' id='word_1_397' title='bbox 1676 3042 1714 3109; x_wconf 94' lang='lat' dir='ltr'>ni</span> <span class='ocrx_word' id='word_1_398' title='bbox 1736 3041 1860 3125; x_wconf 84' lang='lat' dir='ltr'>fallor,</span> <span class='ocrx_word' id='word_1_399' title='bbox 1893 3040 1955 3133; x_wconf 92' lang='lat' dir='ltr'>qui</span> <span class='ocrx_word' id='word_1_400' title='bbox 1980 3061 2104 3107; x_wconf 86' lang='lat' dir='ltr'>omnes</span> <span class='ocrx_word' id='word_1_401' title='bbox 2133 3061 2210 3108; x_wconf 85' lang='lat' dir='ltr'>ser·</span> 
     </span>
     <span class='ocr_line' id='line_1_66' title="bbox 1222 3140 2207 3234; baseline -0.004 -23"><span class='ocrx_word' id='word_1_402' title='bbox 1222 3144 1325 3212; x_wconf 89' lang='lat' dir='ltr'>viunt</span> <span class='ocrx_word' id='word_1_403' title='bbox 1340 3147 1454 3215; x_wconf 93' lang='lat' dir='ltr'>motui</span> <span class='ocrx_word' id='word_1_404' title='bbox 1474 3144 1590 3216; x_wconf 89' lang='lat' dir='ltr'>locali.</span> <span class='ocrx_word' id='word_1_405' title='bbox 1646 3140 1687 3212; x_wconf 95' lang='lat' dir='ltr'>ln</span> <span class='ocrx_word' id='word_1_406' title='bbox 1709 3144 1832 3234; x_wconf 90' lang='lat' dir='ltr'>primis</span> <span class='ocrx_word' id='word_1_407' title='bbox 1857 3155 1976 3211; x_wconf 86' lang='lat' dir='ltr'>autern</span> <span class='ocrx_word' id='word_1_408' title='bbox 1999 3141 2037 3208; x_wconf 94' lang='lat' dir='ltr'>in</span> <span class='ocrx_word' id='word_1_409' title='bbox 2061 3148 2207 3231; x_wconf 90' lang='lat' dir='ltr'>pectore</span> 
     </span>
     <span class='ocr_line' id='line_1_67' title="bbox 1222 3238 2208 3336; baseline -0.006 -23"><span class='ocrx_word' id='word_1_410' title='bbox 1222 3241 1332 3314; x_wconf 93' lang='lat' dir='ltr'>homo</span> <span class='ocrx_word' id='word_1_411' title='bbox 1348 3243 1455 3318; x_wconf 90' lang='lat' dir='ltr'>habet</span> <span class='ocrx_word' id='word_1_412' title='bbox 1469 3253 1601 3320; x_wconf 90' lang='lat' dir='ltr'>multos</span> <span class='ocrx_word' id='word_1_413' title='bbox 1620 3248 1817 3330; x_wconf 90' lang='lat' dir='ltr'>musculos,</span> <span class='ocrx_word' id='word_1_414' title='bbox 1849 3246 1940 3314; x_wconf 87' lang='lat' dir='ltr'>sicut</span> <span class='ocrx_word' id='word_1_415' title='bbox 1960 3256 1995 3312; x_wconf 89' lang='lat' dir='ltr'>et</span> <span class='ocrx_word' id='word_1_416' title='bbox 2017 3242 2113 3336; x_wconf 90' lang='lat' dir='ltr'>equi.</span> <span class='ocrx_word' id='word_1_417' title='bbox 2165 3238 2208 3308; x_wconf 92' lang='lat' dir='ltr'>ln</span> 
     </span>
     <span class='ocr_line' id='line_1_68' title="bbox 1224 3345 2208 3444; baseline -0.004 -30"><span class='ocrx_word' id='word_1_418' title='bbox 1224 3348 1309 3419; x_wconf 90' lang='lat' dir='ltr'>viris</span> <span class='ocrx_word' id='word_1_419' title='bbox 1325 3352 1474 3421; x_wconf 90' lang='lat' dir='ltr'>musculi</span> <span class='ocrx_word' id='word_1_420' title='bbox 1490 3351 1677 3444; x_wconf 84' lang='lat' dir='ltr'>rigidiores</span> <span class='ocrx_word' id='word_1_421' title='bbox 1700 3362 1803 3431; x_wconf 91' lang='lat' dir='ltr'>sunt,</span> <span class='ocrx_word' id='word_1_422' title='bbox 1830 3347 1892 3438; x_wconf 89' lang='lat' dir='ltr'>qui</span> <span class='ocrx_word' id='word_1_423' title='bbox 1915 3357 1997 3415; x_wconf 90' lang='lat' dir='ltr'>sunt</span> <span class='ocrx_word' id='word_1_424' title='bbox 2022 3345 2123 3434; x_wconf 90' lang='lat' dir='ltr'>signa</span> <span class='ocrx_word' id='word_1_425' title='bbox 2147 3366 2208 3410; x_wconf 90' lang='lat' dir='ltr'>ro·</span> 
     </span>
     <span class='ocr_line' id='line_1_69' title="bbox 1222 3444 2206 3546; baseline -0.009 -27"><span class='ocrx_word' id='word_1_426' title='bbox 1222 3452 1316 3521; x_wconf 92' lang='lat' dir='ltr'>busti</span> <span class='ocrx_word' id='word_1_427' title='bbox 1331 3450 1501 3546; x_wconf 85' lang='lat' dir='ltr'>corporis.</span> <span class='ocrx_word' id='word_1_428' title='bbox 1554 3452 1681 3522; x_wconf 88' lang='lat' dir='ltr'>Dicam</span> <span class='ocrx_word' id='word_1_429' title='bbox 1699 3451 1800 3521; x_wconf 90' lang='lat' dir='ltr'>vobis</span> <span class='ocrx_word' id='word_1_430' title='bbox 1815 3449 2018 3539; x_wconf 86' lang='lat' dir='ltr'>exemplum</span> <span class='ocrx_word' id='word_1_431' title='bbox 2030 3449 2075 3514; x_wconf 90' lang='lat' dir='ltr'>de</span> <span class='ocrx_word' id='word_1_432' title='bbox 2091 3444 2206 3514; x_wconf 84' lang='lat' dir='ltr'>Maxi·</span> 
     </span>
     <span class='ocr_line' id='line_1_70' title="bbox 1223 3546 2205 3633; baseline -0.008 -13"><span class='ocrx_word' id='word_1_433' title='bbox 1223 3553 1383 3626; x_wconf 87' lang='lat' dir='ltr'>miliano.</span> <span class='ocrx_word' id='word_1_434' title='bbox 1434 3556 1596 3625; x_wconf 90' lang='lat' dir='ltr'>Durerus</span> <span class='ocrx_word' id='word_1_435' title='bbox 1611 3555 1793 3623; x_wconf 90' lang='lat' dir='ltr'>enarravit</span> <span class='ocrx_word' id='word_1_436' title='bbox 1808 3547 1914 3633; x_wconf 91' lang='lat' dir='ltr'>mihi,</span> <span class='ocrx_word' id='word_1_437' title='bbox 1939 3553 2002 3620; x_wconf 91' lang='lat' dir='ltr'>das</span> <span class='ocrx_word' id='word_1_438' title='bbox 2018 3551 2077 3617; x_wconf 89' lang='lat' dir='ltr'>des</span> <span class='ocrx_word' id='word_1_439' title='bbox 2089 3546 2205 3615; x_wconf 84' lang='lat' dir='ltr'>Maxi-</span> 
     </span>
     <span class='ocr_line' id='line_1_71' title="bbox 1223 3653 2202 3743; baseline -0.009 -21"><span class='ocrx_word' id='word_1_440' title='bbox 1223 3655 1362 3726; x_wconf 90' lang='lat' dir='ltr'>miliani</span> <span class='ocrx_word' id='word_1_441' title='bbox 1381 3657 1483 3728; x_wconf 86' lang='lat' dir='ltr'>dicke</span> <span class='ocrx_word' id='word_1_442' title='bbox 1509 3659 1546 3726; x_wconf 96' lang='lat' dir='ltr'>in</span> <span class='ocrx_word' id='word_1_443' title='bbox 1572 3682 1715 3740; x_wconf 93' lang='lat' dir='ltr'>armen,</span> <span class='ocrx_word' id='word_1_444' title='bbox 1747 3653 1872 3725; x_wconf 79' lang='lat' dir='ltr'>ltinten</span> <span class='ocrx_word' id='word_1_445' title='bbox 1895 3677 1935 3722; x_wconf 90' lang='lat' dir='ltr'>so</span> <span class='ocrx_word' id='word_1_446' title='bbox 1956 3676 2036 3743; x_wconf 88' lang='lat' dir='ltr'>gros</span> <span class='ocrx_word' id='word_1_447' title='bbox 2061 3671 2122 3741; x_wconf 90' lang='lat' dir='ltr'>sey</span> <span class='ocrx_word' id='word_1_448' title='bbox 2141 3671 2202 3736; x_wconf 89' lang='lat' dir='ltr'>ge-</span> 
     </span>
     <span class='ocr_line' id='line_1_72' title="bbox 1223 3749 2204 3854; baseline -0.009 -30"><span class='ocrx_word' id='word_1_449' title='bbox 1223 3780 1364 3842; x_wconf 84' lang='lat' dir='ltr'>wesen,</span> <span class='ocrx_word' id='word_1_450' title='bbox 1397 3761 1449 3828; x_wconf 90' lang='lat' dir='ltr'>als</span> <span class='ocrx_word' id='word_1_451' title='bbox 1472 3785 1559 3854; x_wconf 82' lang='lat' dir='ltr'>seyn</span> <span class='ocrx_word' id='word_1_452' title='bbox 1579 3763 1714 3842; x_wconf 83' lang='lat' dir='ltr'>femur,</span> <span class='ocrx_word' id='word_1_453' title='bbox 1749 3770 1927 3826; x_wconf 91' lang='lat' dir='ltr'>ettamen</span> <span class='ocrx_word' id='word_1_454' title='bbox 1948 3752 2111 3824; x_wconf 82' lang='lat' dir='ltr'>Albertus</span> <span class='ocrx_word' id='word_1_455' title='bbox 2132 3749 2204 3816; x_wconf 86' lang='lat' dir='ltr'>luit</span> 
     </span>
     <span class='ocr_line' id='line_1_73' title="bbox 1222 3850 2205 3933; baseline -0.007 -8"><span class='ocrx_word' id='word_1_456' title='bbox 1222 3859 1278 3927; x_wconf 91' lang='lat' dir='ltr'>vir</span> <span class='ocrx_word' id='word_1_457' title='bbox 1293 3861 1481 3933; x_wconf 90' lang='lat' dir='ltr'>mediocris</span> <span class='ocrx_word' id='word_1_458' title='bbox 1496 3875 1663 3933; x_wconf 90' lang='lat' dir='ltr'>staturae.</span> <span class='ocrx_word' id='word_1_459' title='bbox 1715 3860 1853 3928; x_wconf 89' lang='lat' dir='ltr'>Deinde</span> <span class='ocrx_word' id='word_1_460' title='bbox 1870 3859 1940 3924; x_wconf 92' lang='lat' dir='ltr'>iam</span> <span class='ocrx_word' id='word_1_461' title='bbox 1968 3877 2074 3924; x_wconf 80' lang='lat' dir='ltr'>senex</span> <span class='ocrx_word' id='word_1_462' title='bbox 2087 3850 2205 3920; x_wconf 78' lang='lat' dir='ltr'>Maxi-</span> 
     </span>
     <span class='ocr_line' id='line_1_74' title="bbox 1223 3954 2206 4055; baseline -0.007 -29"><span class='ocrx_word' id='word_1_463' title='bbox 1223 3961 1407 4046; x_wconf 91' lang='lat' dir='ltr'>milianus,</span> <span class='ocrx_word' id='word_1_464' title='bbox 1434 3964 1502 4035; x_wconf 87' lang='lat' dir='ltr'>luit</span> <span class='ocrx_word' id='word_1_465' title='bbox 1517 3965 1696 4055; x_wconf 82' lang='lat' dir='ltr'>Augustae</span> <span class='ocrx_word' id='word_1_466' title='bbox 1714 3962 1751 4029; x_wconf 94' lang='lat' dir='ltr'>in</span> <span class='ocrx_word' id='word_1_467' title='bbox 1776 3960 1947 4039; x_wconf 87' lang='lat' dir='ltr'>comitiis,</span> <span class='ocrx_word' id='word_1_468' title='bbox 1981 3955 2032 4025; x_wconf 92' lang='lat' dir='ltr'>ibi</span> <span class='ocrx_word' id='word_1_469' title='bbox 2055 3954 2206 4024; x_wconf 84' lang='lat' dir='ltr'>certavit</span> 
     </span>
     <span class='ocr_line' id='line_1_75' title="bbox 1223 4065 2203 4156; baseline -0.006 -26"><span class='ocrx_word' id='word_1_470' title='bbox 1223 4086 1301 4132; x_wconf 92' lang='lat' dir='ltr'>cum</span> <span class='ocrx_word' id='word_1_471' title='bbox 1319 4067 1499 4136; x_wconf 92' lang='lat' dir='ltr'>nobilibus</span> <span class='ocrx_word' id='word_1_472' title='bbox 1516 4065 1644 4150; x_wconf 89' lang='lat' dir='ltr'>hastis,</span> <span class='ocrx_word' id='word_1_473' title='bbox 1678 4066 1860 4156; x_wconf 92' lang='lat' dir='ltr'>ponebant</span> <span class='ocrx_word' id='word_1_474' title='bbox 1882 4085 2016 4131; x_wconf 88' lang='lat' dir='ltr'>asseres</span> <span class='ocrx_word' id='word_1_475' title='bbox 2037 4072 2073 4127; x_wconf 92' lang='lat' dir='ltr'>et</span> <span class='ocrx_word' id='word_1_476' title='bbox 2095 4069 2203 4127; x_wconf 89' lang='lat' dir='ltr'>certa·</span> 
     </span>
    </p>
   </div>
   <div class='ocr_carea' id='block_1_14' title="bbox 1221 4162 2203 4264">
    <p class='ocr_par' dir='ltr' id='par_1_27' title="bbox 1221 4162 2203 4264">
     <span class='ocr_line' id='line_1_76' title="bbox 1221 4162 2203 4264; baseline -0.008 -31"><span class='ocrx_word' id='word_1_477' title='bbox 1221 4167 1308 4237; x_wconf 90' lang='lat' dir='ltr'>bant</span> <span class='ocrx_word' id='word_1_478' title='bbox 1337 4170 1545 4254; x_wconf 89' lang='lat' dir='ltr'>iaculando,</span> <span class='ocrx_word' id='word_1_479' title='bbox 1593 4169 1672 4264; x_wconf 89' lang='lat' dir='ltr'>quis</span> <span class='ocrx_word' id='word_1_480' title='bbox 1703 4167 1807 4236; x_wconf 90' lang='lat' dir='ltr'>altius</span> <span class='ocrx_word' id='word_1_481' title='bbox 1837 4177 1956 4258; x_wconf 90' lang='lat' dir='ltr'>posset</span> <span class='ocrx_word' id='word_1_482' title='bbox 1984 4162 2203 4250; x_wconf 82' lang='lat' dir='ltr'>transfigere.</span> 
     </span>
    </p>
   </div>
   <div class='ocr_carea' id='block_1_15' title="bbox 287 4252 2203 4365">
    <p class='ocr_par' dir='ltr' id='par_1_28' title="bbox 287 4252 2203 4365">
     <span class='ocr_line' id='line_1_77' title="bbox 287 4252 2203 4365; baseline 0.002 -41"><span class='ocrx_word' id='word_1_483' title='bbox 287 4255 348 4328; x_wconf 87' lang='lat' dir='ltr'>Vs.</span> <span class='ocrx_word' id='word_1_484' title='bbox 361 4252 421 4327; x_wconf 80' lang='grc'>55.</span> <span class='ocrx_word' id='word_1_485' title='bbox 447 4258 586 4350; x_wconf 73' lang='lat' dir='ltr'>Hirtiae]</span> <span class='ocrx_word' id='word_1_486' title='bbox 610 4255 646 4323; x_wconf 95' lang='lat' dir='ltr'>id</span> <span class='ocrx_word' id='word_1_487' title='bbox 663 4267 733 4338; x_wconf 89' lang='lat' dir='ltr'>est,</span> <span class='ocrx_word' id='word_1_488' title='bbox 759 4254 915 4327; x_wconf 86' lang='lat' dir='ltr'>villosae.</span> <span class='ocrx_word' id='word_1_489' title='bbox 999 4261 1172 4353; x_wconf 72' lang='lat' dir='ltr'>camuris]</span> <span class='ocrx_word' id='word_1_490' title='bbox 1220 4265 1282 4340; x_wconf 84' lang='lat' dir='ltr'>Ille</span> <span class='ocrx_word' id='word_1_491' title='bbox 1299 4275 1538 4346; x_wconf 66' lang='lat' dir='ltr'>duosasseres</span> <span class='ocrx_word' id='word_1_492' title='bbox 1555 4271 1748 4355; x_wconf 74' lang='lat' dir='ltr'>transfixit,</span> <span class='ocrx_word' id='word_1_493' title='bbox 1775 4271 1873 4365; x_wconf 91' lang='lat' dir='ltr'>quod</span> <span class='ocrx_word' id='word_1_494' title='bbox 1893 4290 1999 4335; x_wconf 89' lang='lat' dir='ltr'>nemo</span> <span class='ocrx_word' id='word_1_495' title='bbox 2026 4263 2203 4332; x_wconf 88' lang='lat' dir='ltr'>nobilium</span> 
     </span>
    </p>
   </div>
   <div class='ocr_carea' id='block_1_16' title="bbox 183 4359 1168 5057">
    <p class='ocr_par' dir='ltr' id='par_1_29' title="bbox 186 4359 841 4455">
     <span class='ocr_line' id='line_1_78' title="bbox 186 4359 841 4455; baseline 0.003 -28"><span class='ocrx_word' id='word_1_496' title='bbox 186 4360 310 4441; x_wconf 89' lang='lat' dir='ltr'>idest,</span> <span class='ocrx_word' id='word_1_497' title='bbox 337 4359 503 4429; x_wconf 87' lang='lat' dir='ltr'>curvatis.</span> <span class='ocrx_word' id='word_1_498' title='bbox 833 4438 841 4455; x_wconf 78' lang='lat'>.</span> 
     </span>
    </p>

    <p class='ocr_par' dir='ltr' id='par_1_30' title="bbox 287 4455 974 4551">
     <span class='ocr_line' id='line_1_79' title="bbox 287 4455 974 4551; baseline 0.003 -24"><span class='ocrx_word' id='word_1_499' title='bbox 287 4460 348 4532; x_wconf 87' lang='lat' dir='ltr'>Vs.</span> <span class='ocrx_word' id='word_1_500' title='bbox 366 4457 426 4530; x_wconf 83' lang='grc'>66.</span> <span class='ocrx_word' id='word_1_501' title='bbox 449 4460 601 4533; x_wconf 79' lang='lat' dir='ltr'>Maeuiis</span> <span class='ocrx_word' id='word_1_502' title='bbox 617 4461 779 4551; x_wconf 67' lang='lat' dir='ltr'>insignia]</span> <span class='ocrx_word' id='word_1_503' title='bbox 807 4455 974 4550; x_wconf 89' lang='lat' dir='ltr'>Schettig.</span> 
     </span>
    </p>

    <p class='ocr_par' dir='ltr' id='par_1_31' title="bbox 286 4560 1168 4652">
     <span class='ocr_line' id='line_1_80' title="bbox 286 4560 1168 4652; baseline 0.009 -25"><span class='ocrx_word' id='word_1_504' title='bbox 286 4561 346 4631; x_wconf 91' lang='grc' dir='ltr'><strong>νε.</strong></span> <span class='ocrx_word' id='word_1_505' title='bbox 363 4561 424 4632; x_wconf 82' lang='grc'>67.</span> <span class='ocrx_word' id='word_1_506' title='bbox 449 4560 674 4652; x_wconf 76' lang='lat' dir='ltr'>Detractum]</span> <span class='ocrx_word' id='word_1_507' title='bbox 696 4562 774 4628; x_wconf 90' lang='lat' dir='ltr'>Hoc</span> <span class='ocrx_word' id='word_1_508' title='bbox 792 4573 843 4631; x_wconf 89' lang='lat' dir='ltr'>est</span> <span class='ocrx_word' id='word_1_509' title='bbox 858 4562 997 4650; x_wconf 90' lang='lat' dir='ltr'>signum</span> <span class='ocrx_word' id='word_1_510' title='bbox 1015 4563 1168 4635; x_wconf 91' lang='lat' dir='ltr'>roboris.</span> 
     </span>
    </p>

    <p class='ocr_par' dir='ltr' id='par_1_32' title="bbox 184 4659 1168 4858">
     <span class='ocr_line' id='line_1_81' title="bbox 285 4659 1168 4760; baseline 0.008 -31"><span class='ocrx_word' id='word_1_511' title='bbox 285 4663 346 4733; x_wconf 90' lang='grc' dir='ltr'><strong>νε.</strong></span> <span class='ocrx_word' id='word_1_512' title='bbox 357 4665 418 4735; x_wconf 88' lang='grc'>60.</span> <span class='ocrx_word' id='word_1_513' title='bbox 441 4659 565 4760; x_wconf 66' lang='lat' dir='ltr'>Anae]</span> <span class='ocrx_word' id='word_1_514' title='bbox 581 4665 672 4732; x_wconf 78' lang='lat' dir='ltr'>Ante</span> <span class='ocrx_word' id='word_1_515' title='bbox 686 4661 896 4733; x_wconf 89' lang='lat' dir='ltr'>decennium</span> <span class='ocrx_word' id='word_1_516' title='bbox 912 4674 964 4730; x_wconf 89' lang='lat' dir='ltr'>est</span> <span class='ocrx_word' id='word_1_517' title='bbox 978 4661 1107 4734; x_wconf 89' lang='lat' dir='ltr'>idonea</span> <span class='ocrx_word' id='word_1_518' title='bbox 1123 4672 1168 4736; x_wconf 92' lang='lat' dir='ltr'>ad</span> 
     </span>
     <span class='ocr_line' id='line_1_82' title="bbox 184 4762 1086 4858; baseline -0.001 -26"><span class='ocrx_word' id='word_1_519' title='bbox 184 4767 492 4856; x_wconf 87' lang='lat' dir='ltr'>procreationem,</span> <span class='ocrx_word' id='word_1_520' title='bbox 518 4777 600 4855; x_wconf 88' lang='lat' dir='ltr'>post</span> <span class='ocrx_word' id='word_1_521' title='bbox 614 4779 781 4858; x_wconf 88' lang='lat' dir='ltr'>quartum</span> <span class='ocrx_word' id='word_1_522' title='bbox 799 4786 932 4833; x_wconf 90' lang='lat' dir='ltr'>annum</span> <span class='ocrx_word' id='word_1_523' title='bbox 949 4762 1086 4856; x_wconf 82' lang='lat' dir='ltr'>incipit.</span> 
     </span>
    </p>

    <p class='ocr_par' dir='ltr' id='par_1_33' title="bbox 183 4860 1167 5057">
     <span class='ocr_line' id='line_1_83' title="bbox 286 4860 1167 4959; baseline 0.007 -26"><span class='ocrx_word' id='word_1_524' title='bbox 286 4866 346 4936; x_wconf 89' lang='grc' dir='ltr'><strong>νε.</strong></span> <span class='ocrx_word' id='word_1_525' title='bbox 363 4866 423 4936; x_wconf 86' lang='grc'>66.</span> <span class='ocrx_word' id='word_1_526' title='bbox 453 4867 602 4959; x_wconf 79' lang='lat' dir='ltr'>Optime]</span> <span class='ocrx_word' id='word_1_527' title='bbox 626 4864 889 4958; x_wconf 81' lang='lat' dir='ltr'>Epiphanema.</span> <span class='ocrx_word' id='word_1_528' title='bbox 925 4860 1167 4938; x_wconf 85' lang='lat' dir='ltr'>luventusha·</span> 
     </span>
     <span class='ocr_line' id='line_1_84' title="bbox 183 4967 1039 5057; baseline -0.001 -20"><span class='ocrx_word' id='word_1_529' title='bbox 183 4967 244 5037; x_wconf 89' lang='lat' dir='ltr'>bet</span> <span class='ocrx_word' id='word_1_530' title='bbox 258 4993 362 5038; x_wconf 91' lang='lat' dir='ltr'>suum</span> <span class='ocrx_word' id='word_1_531' title='bbox 381 4992 463 5051; x_wconf 91' lang='lat' dir='ltr'>ver,</span> <span class='ocrx_word' id='word_1_532' title='bbox 489 4982 610 5057; x_wconf 86' lang='lat' dir='ltr'>postea</span> <span class='ocrx_word' id='word_1_533' title='bbox 625 4972 744 5038; x_wconf 88' lang='lat' dir='ltr'>statim</span> <span class='ocrx_word' id='word_1_534' title='bbox 763 4967 914 5036; x_wconf 89' lang='lat' dir='ltr'>subeunt</span> <span class='ocrx_word' id='word_1_535' title='bbox 931 4968 1039 5037; x_wconf 73' lang='lat' dir='ltr'>mala]</span> 
     </span>
    </p>
   </div>
   <div class='ocr_carea' id='block_1_17' title="bbox 184 5066 1167 5241">
    <p class='ocr_par' dir='ltr' id='par_1_34' title="bbox 184 5066 1167 5241">
     <span class='ocr_line' id='line_1_85' title="bbox 285 5066 1167 5166; baseline -0.001 -24"><span class='ocrx_word' id='word_1_536' title='bbox 285 5068 346 5140; x_wconf 85' lang='lat' dir='ltr'>Vs.</span> <span class='ocrx_word' id='word_1_537' title='bbox 363 5068 423 5142; x_wconf 87' lang='grc'>69.</span> <span class='ocrx_word' id='word_1_538' title='bbox 449 5074 590 5161; x_wconf 85' lang='lat' dir='ltr'>Semper</span> <span class='ocrx_word' id='word_1_539' title='bbox 600 5066 727 5166; x_wconf 60' lang='lat' dir='ltr'>erico]</span> <span class='ocrx_word' id='word_1_540' title='bbox 755 5066 890 5136; x_wconf 86' lang='lat' dir='ltr'>Vaccae</span> <span class='ocrx_word' id='word_1_541' title='bbox 906 5091 1047 5160; x_wconf 90' lang='lat' dir='ltr'>semper</span> <span class='ocrx_word' id='word_1_542' title='bbox 1061 5083 1167 5141; x_wconf 89' lang='lat' dir='ltr'>erunt</span> 
     </span>
     <span class='ocr_line' id='line_1_86' title="bbox 184 5173 807 5241; baseline 0.005 -5"><span class='ocrx_word' id='word_1_543' title='bbox 184 5173 390 5241; x_wconf 88' lang='lat' dir='ltr'>mutandae.</span> <span class='ocrx_word' id='word_1_544' title='bbox 803 5184 807 5194; x_wconf 90' lang='lat'>&#39;</span> 
     </span>
    </p>
   </div>
   <div class='ocr_carea' id='block_1_18' title="bbox 192 5292 330 5308">
    <p class='ocr_par' dir='ltr' id='par_1_35' title="bbox 192 5292 330 5308">
     <span class='ocr_line' id='line_1_87' title="bbox 192 5292 330 5308; baseline -0.007 0"><span class='ocrx_word' id='word_1_545' title='bbox 192 5292 330 5308; x_wconf 49' lang='lat' dir='ltr'>b—</span> 
     </span>
    </p>
   </div>
   <div class='ocr_carea' id='block_1_19' title="bbox 215 5348 1131 5416">
    <p class='ocr_par' dir='ltr' id='par_1_36' title="bbox 215 5348 1131 5416">
     <span class='ocr_line' id='line_1_88' title="bbox 215 5348 1131 5416; baseline 0 -14"><span class='ocrx_word' id='word_1_546' title='bbox 215 5352 248 5411; x_wconf 84' lang='lat' dir='ltr'>o)</span> <span class='ocrx_word' id='word_1_547' title='bbox 268 5353 395 5416; x_wconf 66' lang='lat' dir='ltr'>lateret]</span> <span class='ocrx_word' id='word_1_548' title='bbox 413 5353 452 5403; x_wconf 80' lang='lat' dir='ltr'>etc</span> <span class='ocrx_word' id='word_1_549' title='bbox 468 5355 569 5415; x_wconf 58' lang='lat' dir='ltr'>vtem</span> <span class='ocrx_word' id='word_1_550' title='bbox 594 5349 645 5400; x_wconf 79' lang='lat' dir='ltr'>tto.</span> <span class='ocrx_word' id='word_1_551' title='bbox 663 5349 737 5399; x_wconf 73' lang='lat' dir='ltr'>tau.</span> <span class='ocrx_word' id='word_1_552' title='bbox 757 5348 784 5398; x_wconf 85' lang='lat' dir='ltr'>tn</span> <span class='ocrx_word' id='word_1_553' title='bbox 803 5350 853 5399; x_wconf 76' lang='lat' dir='ltr'>troc</span> <span class='ocrx_word' id='word_1_554' title='bbox 870 5352 1013 5400; x_wconf 70' lang='lat' dir='ltr'>comment.</span> <span class='ocrx_word' id='word_1_555' title='bbox 1034 5352 1131 5416; x_wconf 74' lang='lat' dir='ltr'>capet.</span> 
     </span>
    </p>
   </div>
   <div class='ocr_carea' id='block_1_20' title="bbox 180 5433 1165 5571">
    <p class='ocr_par' dir='ltr' id='par_1_37' title="bbox 180 5433 1165 5571">
     <span class='ocr_line' id='line_1_89' title="bbox 215 5433 1165 5504; baseline 0.002 -17"><span class='ocrx_word' id='word_1_556' title='bbox 215 5436 246 5504; x_wconf 72' lang='lat'>⁸)</span> <span class='ocrx_word' id='word_1_557' title='bbox 265 5440 337 5500; x_wconf 76' lang='lat' dir='ltr'>ortt]</span> <span class='ocrx_word' id='word_1_558' title='bbox 363 5441 403 5490; x_wconf 78' lang='lat' dir='ltr'>sto</span> <span class='ocrx_word' id='word_1_559' title='bbox 425 5440 475 5488; x_wconf 78' lang='lat' dir='ltr'>Ed.</span> <span class='ocrx_word' id='word_1_560' title='bbox 499 5438 573 5487; x_wconf 69' lang='lat' dir='ltr'>tau.</span> <span class='ocrx_word' id='word_1_561' title='bbox 595 5435 623 5482; x_wconf 87' lang='lat' dir='ltr'>tn</span> <span class='ocrx_word' id='word_1_562' title='bbox 646 5433 697 5485; x_wconf 75' lang='lat' dir='ltr'>troc</span> <span class='ocrx_word' id='word_1_563' title='bbox 720 5437 885 5501; x_wconf 77' lang='lat' dir='ltr'>comueut.;</span> <span class='ocrx_word' id='word_1_564' title='bbox 919 5435 948 5487; x_wconf 83' lang='lat' dir='ltr'>tn</span> <span class='ocrx_word' id='word_1_565' title='bbox 973 5438 1053 5487; x_wconf 77' lang='lat' dir='ltr'>texta</span> <span class='ocrx_word' id='word_1_566' title='bbox 1073 5440 1165 5489; x_wconf 73' lang='lat' dir='ltr'>suun</span> 
     </span>
     <span class='ocr_line' id='line_1_90' title="bbox 180 5503 654 5571; baseline -0.011 -13"><span class='ocrx_word' id='word_1_567' title='bbox 180 5544 190 5558; x_wconf 82' lang='grc'>.</span> <span class='ocrx_word' id='word_1_568' title='bbox 249 5503 300 5571; x_wconf 89' lang='grc'>(-·</span> <span class='ocrx_word' id='word_1_569' title='bbox 317 5509 367 5558; x_wconf 74' lang='lat' dir='ltr'>Et.</span> <span class='ocrx_word' id='word_1_570' title='bbox 385 5505 541 5568; x_wconf 71' lang='lat' dir='ltr'>Wagner.)</span> <span class='ocrx_word' id='word_1_571' title='bbox 558 5504 654 5555; x_wconf 76' lang='lat' dir='ltr'>erunt.</span> 
     </span>
    </p>
   </div>
   <div class='ocr_carea' id='block_1_21' title="bbox 1220 4366 2203 4575">
    <p class='ocr_par' dir='ltr' id='par_1_38' title="bbox 1220 4366 2203 4575">
     <span class='ocr_line' id='line_1_91' title="bbox 1221 4366 2203 4470; baseline -0.011 -28"><span class='ocrx_word' id='word_1_572' title='bbox 1221 4389 1401 4464; x_wconf 89' lang='lat' dir='ltr'>praestare</span> <span class='ocrx_word' id='word_1_573' title='bbox 1422 4378 1550 4470; x_wconf 91' lang='lat' dir='ltr'>potuit.</span> <span class='ocrx_word' id='word_1_574' title='bbox 1592 4374 1682 4447; x_wconf 91' lang='lat' dir='ltr'>lllud</span> <span class='ocrx_word' id='word_1_575' title='bbox 1700 4376 1739 4443; x_wconf 86' lang='lat' dir='ltr'>iit</span> <span class='ocrx_word' id='word_1_576' title='bbox 1762 4373 1923 4442; x_wconf 90' lang='lat' dir='ltr'>bonitate</span> <span class='ocrx_word' id='word_1_577' title='bbox 1946 4366 2203 4437; x_wconf 88' lang='lat' dir='ltr'>musculorum.</span> 
     </span>
     <span class='ocr_line' id='line_1_92' title="bbox 1220 4471 2083 4575; baseline -0.006 -29"><span class='ocrx_word' id='word_1_578' title='bbox 1220 4474 1377 4575; x_wconf 78' lang='lat' dir='ltr'>Honesti]</span> <span class='ocrx_word' id='word_1_579' title='bbox 1403 4479 1440 4548; x_wconf 92' lang='lat' dir='ltr'>id</span> <span class='ocrx_word' id='word_1_580' title='bbox 1460 4493 1531 4562; x_wconf 89' lang='lat' dir='ltr'>est,</span> <span class='ocrx_word' id='word_1_581' title='bbox 1557 4479 1609 4546; x_wconf 94' lang='lat' dir='ltr'>illi</span> <span class='ocrx_word' id='word_1_582' title='bbox 1626 4477 1778 4547; x_wconf 83' lang='lat' dir='ltr'>maxime</span> <span class='ocrx_word' id='word_1_583' title='bbox 1794 4471 1970 4567; x_wconf 91' lang='lat' dir='ltr'>probandi</span> <span class='ocrx_word' id='word_1_584' title='bbox 1989 4484 2083 4545; x_wconf 83' lang='lat' dir='ltr'>sunt.</span> 
     </span>
    </p>
   </div>
   <div class='ocr_carea' id='block_1_22' title="bbox 1321 4587 2203 4687">
    <p class='ocr_par' dir='ltr' id='par_1_39' title="bbox 1321 4587 2203 4687">
     <span class='ocr_line' id='line_1_93' title="bbox 1321 4587 2203 4687; baseline -0.02 -17"><span class='ocrx_word' id='word_1_585' title='bbox 1321 4596 1381 4670; x_wconf 83' lang='lat' dir='ltr'>Vs.</span> <span class='ocrx_word' id='word_1_586' title='bbox 1404 4599 1464 4671; x_wconf 85' lang='grc'>82.</span> <span class='ocrx_word' id='word_1_587' title='bbox 1501 4601 1657 4687; x_wconf 70' lang='lat' dir='ltr'>Spatia]</span> <span class='ocrx_word' id='word_1_588' title='bbox 1701 4596 1838 4667; x_wconf 77' lang='lat' dir='ltr'>[lamus</span> <span class='ocrx_word' id='word_1_589' title='bbox 1869 4596 2030 4687; x_wconf 88' lang='lat' dir='ltr'>palmae,</span> <span class='ocrx_word' id='word_1_590' title='bbox 2070 4587 2203 4657; x_wconf 85' lang='lat' dir='ltr'>Kesten</span> 
     </span>
    </p>
   </div>
   <div class='ocr_carea' id='block_1_23' title="bbox 1216 4685 2212 5201">
    <p class='ocr_par' dir='ltr' id='par_1_40' title="bbox 1216 4685 2212 5201">
     <span class='ocr_line' id='line_1_94' title="bbox 1219 4685 2203 4794; baseline -0.016 -25"><span class='ocrx_word' id='word_1_591' title='bbox 1219 4700 1353 4784; x_wconf 90' lang='lat' dir='ltr'>braun,</span> <span class='ocrx_word' id='word_1_592' title='bbox 1390 4701 1473 4794; x_wconf 91' lang='lat' dir='ltr'>quia</span> <span class='ocrx_word' id='word_1_593' title='bbox 1496 4701 1600 4767; x_wconf 85' lang='lat' dir='ltr'>radix</span> <span class='ocrx_word' id='word_1_594' title='bbox 1623 4699 1764 4790; x_wconf 90' lang='lat' dir='ltr'>palmae</span> <span class='ocrx_word' id='word_1_595' title='bbox 1786 4695 1895 4767; x_wconf 91' lang='lat' dir='ltr'>habet</span> <span class='ocrx_word' id='word_1_596' title='bbox 1916 4697 2074 4765; x_wconf 90' lang='lat' dir='ltr'>colorem</span> <span class='ocrx_word' id='word_1_597' title='bbox 2091 4685 2203 4759; x_wconf 89' lang='lat' dir='ltr'>Puni·</span> 
     </span>
     <span class='ocr_line' id='line_1_95' title="bbox 1219 4791 2207 4894; baseline -0.013 -25"><span class='ocrx_word' id='word_1_598' title='bbox 1219 4825 1332 4872; x_wconf 89' lang='lat' dir='ltr'>ceum.</span> <span class='ocrx_word' id='word_1_599' title='bbox 1431 4803 1567 4894; x_wconf 78' lang='lat' dir='ltr'>Glauci]</span> <span class='ocrx_word' id='word_1_600' title='bbox 1591 4798 1793 4870; x_wconf 84' lang='lat' dir='ltr'>Scltimmel.</span> <span class='ocrx_word' id='word_1_601' title='bbox 1886 4799 2001 4889; x_wconf 75' lang='lat' dir='ltr'>Albis]</span> <span class='ocrx_word' id='word_1_602' title='bbox 2025 4791 2107 4862; x_wconf 81' lang='lat' dir='ltr'>Albi</span> <span class='ocrx_word' id='word_1_603' title='bbox 2120 4799 2207 4861; x_wconf 83' lang='lat' dir='ltr'>sunt</span> 
     </span>
     <span class='ocr_line' id='line_1_96' title="bbox 1218 4888 2211 4987; baseline -0.01 -19"><span class='ocrx_word' id='word_1_604' title='bbox 1218 4903 1430 4987; x_wconf 87' lang='lat' dir='ltr'>imbecilles,</span> <span class='ocrx_word' id='word_1_605' title='bbox 1454 4908 1517 4974; x_wconf 88' lang='lat' dir='ltr'>sed</span> <span class='ocrx_word' id='word_1_606' title='bbox 1538 4918 1658 4972; x_wconf 87' lang='lat' dir='ltr'>tamen</span> <span class='ocrx_word' id='word_1_607' title='bbox 1680 4916 1763 4973; x_wconf 89' lang='lat' dir='ltr'>sunt</span> <span class='ocrx_word' id='word_1_608' title='bbox 1784 4898 2052 4979; x_wconf 84' lang='lat' dir='ltr'>formosissimi,</span> <span class='ocrx_word' id='word_1_609' title='bbox 2084 4907 2127 4963; x_wconf 94' lang='lat' dir='ltr'>ut</span> <span class='ocrx_word' id='word_1_610' title='bbox 2153 4888 2211 4959; x_wconf 89' lang='lat' dir='ltr'>illi</span> 
     </span>
     <span class='ocr_line' id='line_1_97' title="bbox 1217 4992 2212 5099; baseline -0.013 -26"><span class='ocrx_word' id='word_1_611' title='bbox 1217 5005 1320 5099; x_wconf 88' lang='lat' dir='ltr'>equi,</span> <span class='ocrx_word' id='word_1_612' title='bbox 1356 5030 1447 5099; x_wconf 89' lang='lat' dir='ltr'>quos</span> <span class='ocrx_word' id='word_1_613' title='bbox 1463 5007 1681 5076; x_wconf 80' lang='lat' dir='ltr'>Asturcones</span> <span class='ocrx_word' id='word_1_614' title='bbox 1699 5017 1848 5087; x_wconf 81' lang='lat' dir='ltr'>vocant,</span> <span class='ocrx_word' id='word_1_615' title='bbox 1882 5003 2049 5096; x_wconf 85' lang='lat' dir='ltr'>quisunt</span> <span class='ocrx_word' id='word_1_616' title='bbox 2071 4992 2212 5085; x_wconf 87' lang='lat' dir='ltr'>optimi</span> 
     </span>
     <span class='ocr_line' id='line_1_98' title="bbox 1216 5102 1933 5201; baseline -0.006 -25"><span class='ocrx_word' id='word_1_617' title='bbox 1216 5107 1413 5177; x_wconf 86' lang='lat' dir='ltr'>saltatrices</span> <span class='ocrx_word' id='word_1_618' title='bbox 1428 5109 1529 5201; x_wconf 90' lang='lat' dir='ltr'>equi,</span> <span class='ocrx_word' id='word_1_619' title='bbox 1556 5121 1622 5176; x_wconf 90' lang='lat' dir='ltr'>etc.</span> <span class='ocrx_word' id='word_1_620' title='bbox 1928 5102 1933 5109; x_wconf 81' lang='grc'><strong>’</strong></span> 
     </span>
    </p>
   </div>
   <div class='ocr_carea' id='block_1_24' title="bbox 1320 5225 1747 5317">
    <p class='ocr_par' dir='ltr' id='par_1_41' title="bbox 1320 5225 1747 5317">
     <span class='ocr_line' id='line_1_99' title="bbox 1320 5225 1747 5317; baseline 0.002 -24"><span class='ocrx_word' id='word_1_621' title='bbox 1320 5225 1380 5298; x_wconf 82' lang='grc' dir='ltr'>νε.</span> <span class='ocrx_word' id='word_1_622' title='bbox 1400 5227 1460 5298; x_wconf 89' lang='grc'><strong>83.</strong></span> <span class='ocrx_word' id='word_1_623' title='bbox 1488 5228 1601 5317; x_wconf 80' lang='lat' dir='ltr'>Gilua]</span> <span class='ocrx_word' id='word_1_624' title='bbox 1628 5225 1747 5295; x_wconf 82' lang='lat' dir='ltr'>Faelb.</span> 
     </span>
    </p>
   </div>
   <div class='ocr_carea' id='block_1_25' title="bbox 1216 5399 1315 5413">
    <p class='ocr_par' dir='ltr' id='par_1_42' title="bbox 1216 5399 1315 5413">
     <span class='ocr_line' id='line_1_100' title="bbox 1216 5399 1315 5413; baseline -0.03 1"><span class='ocrx_word' id='word_1_625' title='bbox 1216 5399 1315 5413; x_wconf 51' lang='lat'>*0—</span> 
     </span>
    </p>
   </div>
   <div class='ocr_carea' id='block_1_26' title="bbox 1248 5501 1713 5575">
    <p class='ocr_par' dir='ltr' id='par_1_43' title="bbox 1248 5501 1713 5575">
     <span class='ocr_line' id='line_1_101' title="bbox 1248 5501 1713 5575; baseline -0.019 -14"><span class='ocrx_word' id='word_1_626' title='bbox 1248 5508 1280 5575; x_wconf 78' lang='lat' dir='ltr'>e)</span> <span class='ocrx_word' id='word_1_627' title='bbox 1297 5509 1395 5561; x_wconf 72' lang='lat' dir='ltr'>uorat.</span> <span class='ocrx_word' id='word_1_628' title='bbox 1413 5508 1463 5559; x_wconf 78' lang='lat' dir='ltr'>oa.</span> <span class='ocrx_word' id='word_1_629' title='bbox 1477 5506 1527 5562; x_wconf 80' lang='lat' dir='ltr'>tv.</span> <span class='ocrx_word' id='word_1_630' title='bbox 1545 5507 1572 5560; x_wconf 83' lang='grc' dir='ltr'>ι.</span> <span class='ocrx_word' id='word_1_631' title='bbox 1589 5501 1713 5554; x_wconf 78' lang='lat' dir='ltr'>eu-se.</span> 
     </span>
    </p>
   </div>
   <div class='ocr_carea' id='block_1_27' title="bbox 0 0 2407 6256">
    <p class='ocr_par' dir='ltr' id='par_1_44' title="bbox 0 0 2407 6256">
     <span class='ocr_line' id='line_1_102' title="bbox 0 0 2407 6256; baseline 0 0"><span class='ocrx_word' id='word_1_632' title='bbox 0 0 2407 6256; x_wconf 95' lang='lat' dir='ltr'> </span> 
     </span>
    </p>
   </div>
  </div>
 </body>
</html>
