<?xml version="1.0" encoding="UTF-8"?>
<!DOCTYPE html PUBLIC "-//W3C//DTD XHTML 1.0 Transitional//EN"
    "http://www.w3.org/TR/xhtml1/DTD/xhtml1-transitional.dtd">
<html xmlns="http://www.w3.org/1999/xhtml" xml:lang="en" lang="en">
 <head>
  <title>
</title>
<meta http-equiv="Content-Type" content="text/html;charset=utf-8" />
  <meta name='ocr-system' content='tesseract 3.04.00' />
  <meta name='ocr-capabilities' content='ocr_page ocr_carea ocr_par ocr_line ocrx_word'/>
</head>
<body>
  <div class='ocr_page' id='page_1' title='image "./philippimelanth14melagoog_0094.png"; bbox 0 0 4778 6240; ppageno 0'>
   <div class='ocr_carea' id='block_1_1' title="bbox 198 418 1201 504">
    <p class='ocr_par' dir='ltr' id='par_1_1' title="bbox 198 418 1201 504">
     <span class='ocr_line' id='line_1_1' title="bbox 198 418 1201 504; baseline -0.007 -9"><span class='ocrx_word' id='word_1_1' title='bbox 198 419 427 495; x_wconf 85' lang='lat' dir='ltr'>nevolentiae</span> <span class='ocrx_word' id='word_1_2' title='bbox 454 429 622 501; x_wconf 85' lang='lat' dir='ltr'>mutuae,</span> <span class='ocrx_word' id='word_1_3' title='bbox 665 418 745 487; x_wconf 82' lang='lat' dir='ltr'>sive·</span> <span class='ocrx_word' id='word_1_4' title='bbox 773 419 975 504; x_wconf 77' lang='lat' dir='ltr'>restitutae,</span> <span class='ocrx_word' id='word_1_5' title='bbox 1015 421 1088 491; x_wconf 91' lang='lat' dir='ltr'>sive</span> <span class='ocrx_word' id='word_1_6' title='bbox 1117 444 1201 490; x_wconf 90' lang='lat' dir='ltr'>con·</span> 
     </span>
    </p>
   </div>
   <div class='ocr_carea' id='block_1_2' title="bbox 201 526 358 596">
    <p class='ocr_par' dir='ltr' id='par_1_2' title="bbox 201 526 358 596">
     <span class='ocr_line' id='line_1_2' title="bbox 201 526 358 596; baseline -0.025 0"><span class='ocrx_word' id='word_1_7' title='bbox 201 526 358 596; x_wconf 87' lang='lat' dir='ltr'>ciliatae.</span> 
     </span>
    </p>
   </div>
   <div class='ocr_carea' id='block_1_3' title="bbox 201 637 1201 833">
    <p class='ocr_par' dir='ltr' id='par_1_3' title="bbox 201 637 1201 833">
     <span class='ocr_line' id='line_1_3' title="bbox 202 637 1201 731; baseline 0 -24"><span class='ocrx_word' id='word_1_8' title='bbox 202 668 206 673; x_wconf 95' lang='lat'>·</span> <span class='ocrx_word' id='word_1_9' title='bbox 304 638 467 712; x_wconf 65' lang='lat' dir='ltr'>vestita</span> <span class='ocrx_word' id='word_1_10' title='bbox 476 637 622 710; x_wconf 50' lang='lat'>-¹988.</span> <span class='ocrx_word' id='word_1_11' title='bbox 643 640 878 731; x_wconf 86' lang='lat' dir='ltr'>Reponamus</span> <span class='ocrx_word' id='word_1_12' title='bbox 893 641 1107 710; x_wconf 88' lang='lat' dir='ltr'>benevolum</span> <span class='ocrx_word' id='word_1_13' title='bbox 1124 641 1201 708; x_wconf 90' lang='lat' dir='ltr'>ani·</span> 
     </span>
     <span class='ocr_line' id='line_1_4' title="bbox 201 742 1201 833; baseline -0.005 -16"><span class='ocrx_word' id='word_1_14' title='bbox 201 770 322 827; x_wconf 86' lang='lat' dir='ltr'>mum,</span> <span class='ocrx_word' id='word_1_15' title='bbox 348 754 389 815; x_wconf 91' lang='lat' dir='ltr'>ut</span> <span class='ocrx_word' id='word_1_16' title='bbox 400 744 494 810; x_wconf 81' lang='lat' dir='ltr'>ierat</span> <span class='ocrx_word' id='word_1_17' title='bbox 509 742 652 812; x_wconf 90' lang='lat' dir='ltr'>animus</span> <span class='ocrx_word' id='word_1_18' title='bbox 665 743 844 813; x_wconf 86' lang='lat' dir='ltr'>amabilia·</span> <span class='ocrx_word' id='word_1_19' title='bbox 858 767 966 833; x_wconf 87' lang='lat' dir='ltr'>opera</span> <span class='ocrx_word' id='word_1_20' title='bbox 995 744 1201 813; x_wconf 88' lang='lat' dir='ltr'>delectatio·</span> 
     </span>
    </p>
   </div>
   <div class='ocr_carea' id='block_1_4' title="bbox 200 842 1259 939">
    <p class='ocr_par' dir='ltr' id='par_1_4' title="bbox 200 842 1259 939">
     <span class='ocr_line' id='line_1_5' title="bbox 200 842 1259 939; baseline -0.009 -18"><span class='ocrx_word' id='word_1_21' title='bbox 200 850 269 921; x_wconf 83' lang='lat' dir='ltr'>rtis.</span> <span class='ocrx_word' id='word_1_22' title='bbox 320 845 402 916; x_wconf 88' lang='lat' dir='ltr'>Cito</span> <span class='ocrx_word' id='word_1_23' title='bbox 431 844 527 913; x_wconf 89' lang='lat' dir='ltr'>enim</span> <span class='ocrx_word' id='word_1_24' title='bbox 551 843 642 914; x_wconf 89' lang='lat' dir='ltr'>sicut</span> <span class='ocrx_word' id='word_1_25' title='bbox 663 845 833 935; x_wconf 73' lang='lat' dir='ltr'><strong>cogitatio</strong></span> <span class='ocrx_word' id='word_1_26' title='bbox 855 842 973 939; x_wconf 76' lang='lat' dir='ltr'>(Nihil</span> <span class='ocrx_word' id='word_1_27' title='bbox 999 860 1052 917; x_wconf 92' lang='lat' dir='ltr'>est</span> <span class='ocrx_word' id='word_1_28' title='bbox 1072 845 1200 914; x_wconf 88' lang='lat' dir='ltr'>volati·</span> <span class='ocrx_word' id='word_1_29' title='bbox 1253 876 1259 891; x_wconf 92' lang='lat'><strong>·</strong></span> 
     </span>
    </p>
   </div>
   <div class='ocr_carea' id='block_1_5' title="bbox 199 946 1201 1880">
    <p class='ocr_par' dir='ltr' id='par_1_5' title="bbox 199 946 1200 1652">
     <span class='ocr_line' id='line_1_6' title="bbox 199 946 1199 1044; baseline -0.006 -21"><span class='ocrx_word' id='word_1_30' title='bbox 199 951 270 1023; x_wconf 86' lang='lat' dir='ltr'>lius</span> <span class='ocrx_word' id='word_1_31' title='bbox 300 946 490 1018; x_wconf 84' lang='lat' dir='ltr'>bominum</span> <span class='ocrx_word' id='word_1_32' title='bbox 520 947 796 1036; x_wconf 64' lang='lat' dir='ltr'>cogitationibus</span> <span class='ocrx_word' id='word_1_33' title='bbox 817 950 899 1044; x_wconf 82' lang='lat' dir='ltr'>ere.)</span> <span class='ocrx_word' id='word_1_34' title='bbox 925 951 1097 1040; x_wconf 78' lang='lat' dir='ltr'>praeterit</span> <span class='ocrx_word' id='word_1_35' title='bbox 1121 950 1199 1039; x_wconf 77' lang='lat' dir='ltr'>pul-</span> 
     </span>
     <span class='ocr_line' id='line_1_7' title="bbox 202 1050 1200 1143; baseline -0.005 -20"><span class='ocrx_word' id='word_1_36' title='bbox 202 1050 287 1123; x_wconf 79' lang='lat' dir='ltr'>clira</span> <span class='ocrx_word' id='word_1_37' title='bbox 312 1053 483 1130; x_wconf 81' lang='lat' dir='ltr'>iuventa,</span> <span class='ocrx_word' id='word_1_38' title='bbox 515 1073 632 1142; x_wconf 88' lang='lat' dir='ltr'>neque</span> <span class='ocrx_word' id='word_1_39' title='bbox 656 1073 830 1143; x_wconf 87' lang='lat' dir='ltr'>equarum</span> <span class='ocrx_word' id='word_1_40' title='bbox 859 1050 1013 1143; x_wconf 89' lang='lat' dir='ltr'>impetus</span> <span class='ocrx_word' id='word_1_41' title='bbox 1037 1065 1090 1122; x_wconf 81' lang='lat' dir='ltr'>est</span> <span class='ocrx_word' id='word_1_42' title='bbox 1110 1051 1200 1119; x_wconf 57' lang='lat' dir='ltr'>cete.</span> 
     </span>
     <span class='ocr_line' id='line_1_8' title="bbox 202 1148 1200 1247; baseline -0.001 -23"><span class='ocrx_word' id='word_1_43' title='bbox 202 1148 302 1237; x_wconf 58' lang='lat' dir='ltr'>rior-³,</span> <span class='ocrx_word' id='word_1_44' title='bbox 329 1176 422 1247; x_wconf 86' lang='lat' dir='ltr'>quac</span> <span class='ocrx_word' id='word_1_45' title='bbox 435 1174 549 1244; x_wconf 88' lang='lat' dir='ltr'>cquae</span> <span class='ocrx_word' id='word_1_46' title='bbox 565 1153 686 1222; x_wconf 87' lang='lat' dir='ltr'>serunt</span> <span class='ocrx_word' id='word_1_47' title='bbox 701 1153 817 1223; x_wconf 82' lang='lat' dir='ltr'>virum</span> <span class='ocrx_word' id='word_1_48' title='bbox 835 1154 1046 1223; x_wconf 79' lang='lat' dir='ltr'>bellatorem</span> <span class='ocrx_word' id='word_1_49' title='bbox 1063 1156 1109 1221; x_wconf 90' lang='lat' dir='ltr'>ad</span> <span class='ocrx_word' id='word_1_50' title='bbox 1133 1176 1200 1243; x_wconf 91' lang='lat' dir='ltr'>pu·</span> 
     </span>
     <span class='ocr_line' id='line_1_9' title="bbox 202 1253 1200 1348; baseline -0.002 -23"><span class='ocrx_word' id='word_1_51' title='bbox 202 1279 310 1348; x_wconf 73' lang='lat' dir='ltr'>gnam</span> <span class='ocrx_word' id='word_1_52' title='bbox 335 1253 516 1336; x_wconf 79' lang='lat' dir='ltr'>celeriter,</span> <span class='ocrx_word' id='word_1_53' title='bbox 558 1254 771 1325; x_wconf 82' lang='lat' dir='ltr'>delectantes</span> <span class='ocrx_word' id='word_1_54' title='bbox 796 1279 923 1348; x_wconf 88' lang='lat' dir='ltr'>campo</span> <span class='ocrx_word' id='word_1_55' title='bbox 947 1258 1083 1327; x_wconf 85' lang='lat' dir='ltr'>ferente</span> <span class='ocrx_word' id='word_1_56' title='bbox 1107 1255 1200 1324; x_wconf 89' lang='lat' dir='ltr'>triti·</span> 
     </span>
     <span class='ocr_line' id='line_1_10' title="bbox 203 1349 1200 1455; baseline -0.005 -26"><span class='ocrx_word' id='word_1_57' title='bbox 203 1354 325 1455; x_wconf 78' lang='lat' dir='ltr'>cum]</span> <span class='ocrx_word' id='word_1_58' title='bbox 352 1356 436 1427; x_wconf 87' lang='lat' dir='ltr'>Non</span> <span class='ocrx_word' id='word_1_59' title='bbox 458 1349 671 1452; x_wconf 78' lang='grc' dir='ltr'><strong><em>πυρφόρος,</em></strong></span> <span class='ocrx_word' id='word_1_60' title='bbox 698 1360 758 1426; x_wconf 88' lang='lat' dir='ltr'>sed</span> <span class='ocrx_word' id='word_1_61' title='bbox 781 1352 1007 1455; x_wconf 79' lang='grc' dir='ltr'><strong><em>πυροφόρος.</em></strong></span> <span class='ocrx_word' id='word_1_62' title='bbox 1074 1358 1200 1451; x_wconf 79' lang='lat' dir='ltr'>siligo,</span> 
     </span>
     <span class='ocr_line' id='line_1_11' title="bbox 202 1457 1200 1554; baseline 0.001 -25"><span class='ocrx_word' id='word_1_63' title='bbox 202 1463 241 1531; x_wconf 90' lang='lat' dir='ltr'>id</span> <span class='ocrx_word' id='word_1_64' title='bbox 266 1474 338 1542; x_wconf 82' lang='lat' dir='ltr'>est,</span> <span class='ocrx_word' id='word_1_65' title='bbox 369 1457 518 1546; x_wconf 65' lang='lat' dir='ltr'>diaden,</span> <span class='ocrx_word' id='word_1_66' title='bbox 551 1460 608 1527; x_wconf 84' lang='lat' dir='ltr'>vet</span> <span class='ocrx_word' id='word_1_67' title='bbox 629 1483 749 1551; x_wconf 82' lang='lat' dir='ltr'>rogus.</span> <span class='ocrx_word' id='word_1_68' title='bbox 805 1461 913 1530; x_wconf 89' lang='lat' dir='ltr'>Olira-</span> <span class='ocrx_word' id='word_1_69' title='bbox 932 1474 966 1531; x_wconf 90' lang='lat' dir='ltr'>et</span> <span class='ocrx_word' id='word_1_70' title='bbox 988 1463 1092 1554; x_wconf 79' lang='lat' dir='ltr'>siligo</span> <span class='ocrx_word' id='word_1_71' title='bbox 1115 1486 1200 1553; x_wconf 90' lang='lat' dir='ltr'>pro·</span> 
     </span>
     <span class='ocr_line' id='line_1_12' title="bbox 201 1565 1075 1652; baseline -0.013 -16"><span class='ocrx_word' id='word_1_72' title='bbox 201 1565 336 1636; x_wconf 77' lang='lat' dir='ltr'>miscus</span> <span class='ocrx_word' id='word_1_73' title='bbox 351 1573 583 1652; x_wconf 82' lang='lat' dir='ltr'>usurpantur.</span> <span class='ocrx_word' id='word_1_74' title='bbox 1065 1616 1075 1634; x_wconf 72' lang='grc'>,,</span> 
     </span>
    </p>

    <p class='ocr_par' dir='ltr' id='par_1_6' title="bbox 202 1679 1201 1880">
     <span class='ocr_line' id='line_1_13' title="bbox 304 1679 1201 1778; baseline 0.006 -32"><span class='ocrx_word' id='word_1_75' title='bbox 304 1681 381 1752; x_wconf 83' lang='lat' dir='ltr'>Vas.</span> <span class='ocrx_word' id='word_1_76' title='bbox 398 1679 475 1750; x_wconf 79' lang='lat'>989</span> <span class='ocrx_word' id='word_1_77' title='bbox 491 1706 543 1774; x_wconf 90' lang='lat' dir='ltr'>sq.</span> <span class='ocrx_word' id='word_1_78' title='bbox 574 1679 685 1764; x_wconf 90' lang='lat' dir='ltr'>Bibe,</span> <span class='ocrx_word' id='word_1_79' title='bbox 713 1705 793 1752; x_wconf 89' lang='lat' dir='ltr'>cum</span> <span class='ocrx_word' id='word_1_80' title='bbox 810 1684 958 1767; x_wconf 89' lang='lat' dir='ltr'>bibunt,</span> <span class='ocrx_word' id='word_1_81' title='bbox 986 1685 1132 1778; x_wconf 89' lang='lat' dir='ltr'>quando</span> <span class='ocrx_word' id='word_1_82' title='bbox 1148 1685 1201 1752; x_wconf 85' lang='lat' dir='ltr'>fa·</span> 
     </span>
     <span class='ocr_line' id='line_1_14' title="bbox 202 1783 1201 1880; baseline -0.006 -22"><span class='ocrx_word' id='word_1_83' title='bbox 202 1786 304 1858; x_wconf 88' lang='lat' dir='ltr'>stidis</span> <span class='ocrx_word' id='word_1_84' title='bbox 318 1785 358 1853; x_wconf 93' lang='lat' dir='ltr'>in</span> <span class='ocrx_word' id='word_1_85' title='bbox 373 1783 518 1866; x_wconf 90' lang='lat' dir='ltr'>animo,</span> <span class='ocrx_word' id='word_1_86' title='bbox 544 1785 691 1877; x_wconf 91' lang='lat' dir='ltr'>quando</span> <span class='ocrx_word' id='word_1_87' title='bbox 709 1785 809 1854; x_wconf 90' lang='lat' dir='ltr'>venit</span> <span class='ocrx_word' id='word_1_88' title='bbox 823 1784 895 1880; x_wconf 76' lang='grc' dir='ltr'>ἄση</span> <span class='ocrx_word' id='word_1_89' title='bbox 904 1840 915 1872; x_wconf 92' lang='grc'><strong>,</strong></span> <span class='ocrx_word' id='word_1_90' title='bbox 941 1787 979 1856; x_wconf 89' lang='lat' dir='ltr'>id</span> <span class='ocrx_word' id='word_1_91' title='bbox 997 1799 1068 1871; x_wconf 88' lang='grc' dir='ltr'><strong>εει,</strong></span> <span class='ocrx_word' id='word_1_92' title='bbox 1103 1785 1201 1857; x_wconf 87' lang='lat' dir='ltr'>lasti-</span> 
     </span>
    </p>
   </div>
   <div class='ocr_carea' id='block_1_6' title="bbox 201 1881 1202 2084">
    <p class='ocr_par' dir='ltr' id='par_1_7' title="bbox 201 1881 1202 2084">
     <span class='ocr_line' id='line_1_15' title="bbox 201 1881 1202 1982; baseline -0.003 -23"><span class='ocrx_word' id='word_1_93' title='bbox 201 1888 324 1972; x_wconf 87' lang='lat' dir='ltr'>dinm,</span> <span class='ocrx_word' id='word_1_94' title='bbox 358 1909 468 1981; x_wconf 86' lang='lat' dir='ltr'>nemo</span> <span class='ocrx_word' id='word_1_95' title='bbox 487 1881 676 1956; x_wconf 91' lang='lat' dir='ltr'>hominum</span> <span class='ocrx_word' id='word_1_96' title='bbox 693 1902 862 1980; x_wconf 84' lang='lat' dir='ltr'>agnoscat</span> <span class='ocrx_word' id='word_1_97' title='bbox 879 1902 914 1959; x_wconf 87' lang='lat' dir='ltr'>te</span> <span class='ocrx_word' id='word_1_98' title='bbox 930 1903 1138 1982; x_wconf 80' lang='lat' dir='ltr'>gravatum,</span> <span class='ocrx_word' id='word_1_99' title='bbox 1164 1889 1202 1956; x_wconf 91' lang='lat' dir='ltr'>id</span> 
     </span>
     <span class='ocr_line' id='line_1_16' title="bbox 203 1988 880 2084; baseline 0 -22"><span class='ocrx_word' id='word_1_100' title='bbox 203 2004 274 2076; x_wconf 88' lang='lat' dir='ltr'>est,</span> <span class='ocrx_word' id='word_1_101' title='bbox 297 1988 437 2080; x_wconf 86' lang='lat' dir='ltr'>incipe,</span> <span class='ocrx_word' id='word_1_102' title='bbox 468 1992 585 2058; x_wconf 88' lang='lat' dir='ltr'>donec</span> <span class='ocrx_word' id='word_1_103' title='bbox 601 2014 637 2060; x_wconf 91' lang='lat' dir='ltr'>es</span> <span class='ocrx_word' id='word_1_104' title='bbox 652 2014 800 2084; x_wconf 89' lang='lat' dir='ltr'>compos</span> <span class='ocrx_word' id='word_1_105' title='bbox 815 1992 880 2063; x_wconf 89' lang='lat' dir='ltr'>tui.</span> 
     </span>
    </p>
   </div>
   <div class='ocr_carea' id='block_1_7' title="bbox 202 2104 1206 2724">
    <p class='ocr_par' dir='ltr' id='par_1_8' title="bbox 202 2104 1206 2724">
     <span class='ocr_line' id='line_1_17' title="bbox 209 2104 1202 2210; baseline 0.005 -35"><span class='ocrx_word' id='word_1_106' title='bbox 209 2104 215 2115; x_wconf 82' lang='lat'>&#39;</span> <span class='ocrx_word' id='word_1_107' title='bbox 254 2112 257 2116; x_wconf 80' lang='grc'><strong>’</strong></span> <span class='ocrx_word' id='word_1_108' title='bbox 305 2108 366 2182; x_wconf 89' lang='lat' dir='ltr'>Vs.</span> <span class='ocrx_word' id='word_1_109' title='bbox 381 2107 468 2180; x_wconf 84' lang='grc'>991.</span> <span class='ocrx_word' id='word_1_110' title='bbox 494 2110 701 2205; x_wconf 85' lang='lat' dir='ltr'>Aliquando</span> <span class='ocrx_word' id='word_1_111' title='bbox 719 2111 859 2203; x_wconf 89' lang='lat' dir='ltr'>patiens</span> <span class='ocrx_word' id='word_1_112' title='bbox 877 2107 1047 2210; x_wconf 76' lang='lat' dir='ltr'>dolebis]</span> <span class='ocrx_word' id='word_1_113' title='bbox 1075 2111 1202 2203; x_wconf 83' lang='lat' dir='ltr'>Cogita</span> 
     </span>
     <span class='ocr_line' id='line_1_18' title="bbox 203 2209 1203 2286; baseline -0.001 0"><span class='ocrx_word' id='word_1_114' title='bbox 203 2229 238 2285; x_wconf 92' lang='lat' dir='ltr'>te</span> <span class='ocrx_word' id='word_1_115' title='bbox 254 2239 328 2285; x_wconf 89' lang='lat' dir='ltr'>esse</span> <span class='ocrx_word' id='word_1_116' title='bbox 346 2210 531 2283; x_wconf 89' lang='lat' dir='ltr'>bominem</span> <span class='ocrx_word' id='word_1_117' title='bbox 551 2226 586 2281; x_wconf 90' lang='lat' dir='ltr'>et</span> <span class='ocrx_word' id='word_1_118' title='bbox 603 2209 763 2283; x_wconf 89' lang='lat' dir='ltr'>humana</span> <span class='ocrx_word' id='word_1_119' title='bbox 782 2229 866 2286; x_wconf 87' lang='lat' dir='ltr'>sunt</span> <span class='ocrx_word' id='word_1_120' title='bbox 880 2215 1079 2285; x_wconf 85' lang='lat' dir='ltr'>mutabilia.</span> <span class='ocrx_word' id='word_1_121' title='bbox 1131 2214 1203 2286; x_wconf 89' lang='lat' dir='ltr'>Eu-</span> 
     </span>
     <span class='ocr_line' id='line_1_19' title="bbox 202 2315 411 2411; baseline -0.019 -23"><span class='ocrx_word' id='word_1_122' title='bbox 202 2315 411 2411; x_wconf 84' lang='lat' dir='ltr'>ripides⁸¹):</span> 
     </span>
     <span class='ocr_line' id='line_1_20' title="bbox 257 2429 1206 2559; baseline -0.005 -50"><span class='ocrx_word' id='word_1_123' title='bbox 257 2440 422 2510; x_wconf 75' lang='lat' dir='ltr'>Tutorine</span> <span class='ocrx_word' id='word_1_124' title='bbox 456 2437 535 2504; x_wconf 80' lang='grc' dir='ltr'>τῶν</span> <span class='ocrx_word' id='word_1_125' title='bbox 569 2429 808 2559; x_wconf 77' lang='grc' dir='ltr'><strong><em>ἀνθρώπων,</em></strong></span> <span class='ocrx_word' id='word_1_126' title='bbox 857 2431 969 2507; x_wconf 73' lang='grc' dir='ltr'><strong><em>οὐδὲν</em></strong></span> <span class='ocrx_word' id='word_1_127' title='bbox 1003 2433 1044 2505; x_wconf 80' lang='grc' dir='ltr'>ἐν</span> <span class='ocrx_word' id='word_1_128' title='bbox 1077 2429 1206 2530; x_wconf 75' lang='grc' dir='ltr'>ταύτῷ</span> 
     </span>
     <span class='ocr_line' id='line_1_21' title="bbox 656 2563 739 2610; baseline -0.048 0"><span class='ocrx_word' id='word_1_129' title='bbox 656 2563 739 2610; x_wconf 73' lang='grc' dir='ltr'><strong>ενοι.</strong></span> 
     </span>
     <span class='ocr_line' id='line_1_22' title="bbox 203 2562 1204 2724; baseline -0.002 -16"><span class='ocrx_word' id='word_1_130' title='bbox 203 2636 247 2709; x_wconf 89' lang='lat' dir='ltr'>ld</span> <span class='ocrx_word' id='word_1_131' title='bbox 262 2649 335 2720; x_wconf 88' lang='lat' dir='ltr'>est,</span> <span class='ocrx_word' id='word_1_132' title='bbox 362 2638 447 2706; x_wconf 89' lang='lat' dir='ltr'>talia</span> <span class='ocrx_word' id='word_1_133' title='bbox 463 2651 546 2709; x_wconf 89' lang='lat' dir='ltr'>sunt</span> <span class='ocrx_word' id='word_1_134' title='bbox 562 2562 742 2724; x_wconf 50' lang='lat' dir='ltr'>lauriana,</span> <span class='ocrx_word' id='word_1_135' title='bbox 766 2635 858 2707; x_wconf 92' lang='lat' dir='ltr'>nihil</span> <span class='ocrx_word' id='word_1_136' title='bbox 874 2652 997 2708; x_wconf 90' lang='lat' dir='ltr'>manet</span> <span class='ocrx_word' id='word_1_137' title='bbox 1014 2638 1051 2707; x_wconf 93' lang='lat' dir='ltr'>in</span> <span class='ocrx_word' id='word_1_138' title='bbox 1066 2640 1204 2709; x_wconf 89' lang='lat' dir='ltr'>eodem.</span> 
     </span>
    </p>
   </div>
   <div class='ocr_carea' id='block_1_8' title="bbox 581 243 1865 329">
    <p class='ocr_par' dir='ltr' id='par_1_9' title="bbox 581 243 1865 329">
     <span class='ocr_line' id='line_1_23' title="bbox 581 243 1865 329; baseline 0.011 -14"><span class='ocrx_word' id='word_1_139' title='bbox 581 243 770 317; x_wconf 82' lang='lat' dir='ltr'>LXXVIII.</span> <span class='ocrx_word' id='word_1_140' title='bbox 825 243 1115 320; x_wconf 77' lang='lat' dir='ltr'>Exrntcarto</span> <span class='ocrx_word' id='word_1_141' title='bbox 1145 245 1527 323; x_wconf 75' lang='lat' dir='ltr'>sttltrattrlantrat</span> <span class='ocrx_word' id='word_1_142' title='bbox 1561 249 1865 329; x_wconf 80' lang='lat' dir='ltr'>THEOGNIDIS.</span> 
     </span>
    </p>
   </div>
   <div class='ocr_carea' id='block_1_9' title="bbox 1355 260 2247 521">
    <p class='ocr_par' dir='ltr' id='par_1_10' title="bbox 1355 260 2247 521">
     <span class='ocr_line' id='line_1_24' title="bbox 2170 260 2247 337; baseline 0.026 -2"><span class='ocrx_word' id='word_1_143' title='bbox 2170 260 2247 337; x_wconf 79' lang='grc'>158</span> 
     </span>
     <span class='ocr_line' id='line_1_25' title="bbox 1355 422 2246 521; baseline 0.016 -29"><span class='ocrx_word' id='word_1_144' title='bbox 1355 422 1432 492; x_wconf 86' lang='lat' dir='ltr'>Vsa.</span> <span class='ocrx_word' id='word_1_145' title='bbox 1452 423 1728 497; x_wconf 72' lang='lat'>1003—1006.</span> <span class='ocrx_word' id='word_1_146' title='bbox 1757 426 1881 497; x_wconf 88' lang='lat' dir='ltr'>Virtus</span> <span class='ocrx_word' id='word_1_147' title='bbox 1896 441 1949 498; x_wconf 86' lang='lat' dir='ltr'>est</span> <span class='ocrx_word' id='word_1_148' title='bbox 1966 426 2246 521; x_wconf 86' lang='lat' dir='ltr'>pulcherrimum</span> 
     </span>
    </p>
   </div>
   <div class='ocr_carea' id='block_1_10' title="bbox 1252 524 2248 604">
    <p class='ocr_par' dir='ltr' id='par_1_11' title="bbox 1252 524 2248 604">
     <span class='ocr_line' id='line_1_26' title="bbox 1252 524 2248 604; baseline 0.013 -12"><span class='ocrx_word' id='word_1_149' title='bbox 1252 549 1383 594; x_wconf 90' lang='lat' dir='ltr'>munus</span> <span class='ocrx_word' id='word_1_150' title='bbox 1397 525 1491 594; x_wconf 90' lang='lat' dir='ltr'>inter</span> <span class='ocrx_word' id='word_1_151' title='bbox 1505 524 1670 597; x_wconf 89' lang='lat' dir='ltr'>homines</span> <span class='ocrx_word' id='word_1_152' title='bbox 1688 541 1752 599; x_wconf 92' lang='lat' dir='ltr'>etc.</span> <span class='ocrx_word' id='word_1_153' title='bbox 1806 529 1920 601; x_wconf 89' lang='lat' dir='ltr'>Iustus</span> <span class='ocrx_word' id='word_1_154' title='bbox 1937 548 1988 602; x_wconf 86' lang='lat' dir='ltr'>est</span> <span class='ocrx_word' id='word_1_155' title='bbox 2008 536 2105 604; x_wconf 88' lang='lat' dir='ltr'>utilis</span> <span class='ocrx_word' id='word_1_156' title='bbox 2130 539 2248 604; x_wconf 89' lang='lat' dir='ltr'>omni-</span> 
     </span>
    </p>
   </div>
   <div class='ocr_carea' id='block_1_11' title="bbox 1251 629 2249 821">
    <p class='ocr_par' dir='ltr' id='par_1_12' title="bbox 1251 629 2249 821">
     <span class='ocr_line' id='line_1_27' title="bbox 1251 629 2249 729; baseline 0.012 -33"><span class='ocrx_word' id='word_1_157' title='bbox 1251 629 1337 710; x_wconf 83' lang='lat' dir='ltr'>bus,</span> <span class='ocrx_word' id='word_1_158' title='bbox 1365 653 1554 698; x_wconf 88' lang='lat' dir='ltr'>commune</span> <span class='ocrx_word' id='word_1_159' title='bbox 1569 633 1705 700; x_wconf 90' lang='lat' dir='ltr'>bonum</span> <span class='ocrx_word' id='word_1_160' title='bbox 1721 633 1875 717; x_wconf 85' lang='lat' dir='ltr'>civitati,</span> <span class='ocrx_word' id='word_1_161' title='bbox 1902 636 1966 727; x_wconf 91' lang='lat' dir='ltr'>qui</span> <span class='ocrx_word' id='word_1_162' title='bbox 1981 637 2037 705; x_wconf 89' lang='lat' dir='ltr'>vir</span> <span class='ocrx_word' id='word_1_163' title='bbox 2051 640 2249 729; x_wconf 83' lang='lat' dir='ltr'>procedens</span> 
     </span>
     <span class='ocr_line' id='line_1_28' title="bbox 1252 730 1616 821; baseline 0.005 -20"><span class='ocrx_word' id='word_1_164' title='bbox 1252 742 1322 801; x_wconf 87' lang='lat' dir='ltr'>stat</span> <span class='ocrx_word' id='word_1_165' title='bbox 1339 730 1378 798; x_wconf 90' lang='lat' dir='ltr'>in</span> <span class='ocrx_word' id='word_1_166' title='bbox 1392 732 1508 821; x_wconf 90' lang='lat' dir='ltr'>prima</span> <span class='ocrx_word' id='word_1_167' title='bbox 1529 733 1616 803; x_wconf 90' lang='lat' dir='ltr'>acie.</span> 
     </span>
    </p>
   </div>
   <div class='ocr_carea' id='block_1_12' title="bbox 1250 849 2301 2416">
    <p class='ocr_par' dir='ltr' id='par_1_13' title="bbox 1250 849 2248 1042">
     <span class='ocr_line' id='line_1_29' title="bbox 1353 849 2248 955; baseline 0.015 -39"><span class='ocrx_word' id='word_1_168' title='bbox 1353 849 1431 920; x_wconf 85' lang='lat' dir='ltr'>Vss.</span> <span class='ocrx_word' id='word_1_169' title='bbox 1451 851 1549 922; x_wconf 87' lang='grc'>1007</span> <span class='ocrx_word' id='word_1_170' title='bbox 1566 878 1645 947; x_wconf 85' lang='lat' dir='ltr'>sqq.</span> <span class='ocrx_word' id='word_1_171' title='bbox 1673 851 1852 950; x_wconf 68' lang='lat' dir='ltr'>Zvrdv⁸⁴)</span> <span class='ocrx_word' id='word_1_172' title='bbox 1876 852 1915 927; x_wconf 78' lang='grc' dir='ltr'>δ’</span> <span class='ocrx_word' id='word_1_173' title='bbox 1934 851 2172 955; x_wconf 81' lang='grc' dir='ltr'>ἀνθρώποις]</span> <span class='ocrx_word' id='word_1_174' title='bbox 2194 858 2248 929; x_wconf 88' lang='lat' dir='ltr'>De</span> 
     </span>
     <span class='ocr_line' id='line_1_30' title="bbox 1250 953 1566 1042; baseline 0.009 -21"><span class='ocrx_word' id='word_1_175' title='bbox 1250 953 1441 1042; x_wconf 82' lang='lat' dir='ltr'>fugacitate</span> <span class='ocrx_word' id='word_1_176' title='bbox 1460 955 1566 1024; x_wconf 82' lang='lat' dir='ltr'>vitae.</span> 
     </span>
    </p>

    <p class='ocr_par' dir='ltr' id='par_1_14' title="bbox 1251 1070 2301 1783">
     <span class='ocr_line' id='line_1_31' title="bbox 1354 1070 2249 1168; baseline 0.012 -32"><span class='ocrx_word' id='word_1_177' title='bbox 1354 1070 1432 1140; x_wconf 83' lang='lat' dir='ltr'>Vss.</span> <span class='ocrx_word' id='word_1_178' title='bbox 1452 1072 1608 1142; x_wconf 77' lang='lat'>1007—</span> <span class='ocrx_word' id='word_1_179' title='bbox 1620 1077 1729 1148; x_wconf 71' lang='lat'>1012.</span> <span class='ocrx_word' id='word_1_180' title='bbox 1757 1076 1958 1146; x_wconf 88' lang='lat' dir='ltr'>Commune</span> <span class='ocrx_word' id='word_1_181' title='bbox 1976 1076 2107 1146; x_wconf 90' lang='lat' dir='ltr'>dictum</span> <span class='ocrx_word' id='word_1_182' title='bbox 2125 1101 2249 1168; x_wconf 81' lang='lat' dir='ltr'>sugge-</span> 
     </span>
     <span class='ocr_line' id='line_1_32' title="bbox 1252 1174 2248 1271; baseline 0.009 -31"><span class='ocrx_word' id='word_1_183' title='bbox 1252 1195 1349 1256; x_wconf 88' lang='lat' dir='ltr'>ram,</span> <span class='ocrx_word' id='word_1_184' title='bbox 1374 1186 1414 1243; x_wconf 93' lang='lat' dir='ltr'>ut</span> <span class='ocrx_word' id='word_1_185' title='bbox 1429 1174 1607 1267; x_wconf 91' lang='lat' dir='ltr'>quispiam</span> <span class='ocrx_word' id='word_1_186' title='bbox 1625 1174 1760 1248; x_wconf 80' lang='lat' dir='ltr'>liabens</span> <span class='ocrx_word' id='word_1_187' title='bbox 1776 1175 1965 1271; x_wconf 88' lang='lat' dir='ltr'>pulchrum</span> <span class='ocrx_word' id='word_1_188' title='bbox 1982 1180 2106 1248; x_wconf 86' lang='lat' dir='ltr'>florem</span> <span class='ocrx_word' id='word_1_189' title='bbox 2124 1180 2248 1249; x_wconf 83' lang='lat' dir='ltr'>iuren-</span> 
     </span>
     <span class='ocr_line' id='line_1_33' title="bbox 1252 1277 2248 1372; baseline 0.011 -29"><span class='ocrx_word' id='word_1_190' title='bbox 1252 1287 1328 1358; x_wconf 87' lang='lat' dir='ltr'>tae,</span> <span class='ocrx_word' id='word_1_191' title='bbox 1371 1277 1492 1369; x_wconf 82' lang='lat' dir='ltr'>etqui</span> <span class='ocrx_word' id='word_1_192' title='bbox 1516 1291 1568 1348; x_wconf 88' lang='lat' dir='ltr'>est</span> <span class='ocrx_word' id='word_1_193' title='bbox 1594 1283 1780 1365; x_wconf 88' lang='lat' dir='ltr'>cordatus,</span> <span class='ocrx_word' id='word_1_194' title='bbox 1818 1283 1978 1372; x_wconf 87' lang='lat' dir='ltr'>sapiens,</span> <span class='ocrx_word' id='word_1_195' title='bbox 2012 1283 2152 1352; x_wconf 81' lang='lat' dir='ltr'>fruatur</span> <span class='ocrx_word' id='word_1_196' title='bbox 2176 1284 2248 1354; x_wconf 88' lang='lat' dir='ltr'>suis</span> 
     </span>
     <span class='ocr_line' id='line_1_34' title="bbox 1251 1377 2249 1474; baseline 0.009 -28"><span class='ocrx_word' id='word_1_197' title='bbox 1251 1377 1496 1459; x_wconf 77' lang='lat' dir='ltr'>facultatibus3</span> <span class='ocrx_word' id='word_1_198' title='bbox 1523 1385 1708 1451; x_wconf 89' lang='lat' dir='ltr'>nonenim</span> <span class='ocrx_word' id='word_1_199' title='bbox 1731 1386 1961 1474; x_wconf 86' lang='lat' dir='ltr'>repubescere</span> <span class='ocrx_word' id='word_1_200' title='bbox 1987 1386 2041 1455; x_wconf 90' lang='lat' dir='ltr'>bis</span> <span class='ocrx_word' id='word_1_201' title='bbox 2061 1387 2100 1453; x_wconf 84' lang='lat' dir='ltr'>sn</span> <span class='ocrx_word' id='word_1_202' title='bbox 2122 1383 2249 1469; x_wconf 79' lang='lat' dir='ltr'>alliis,</span> 
     </span>
     <span class='ocr_line' id='line_1_35' title="bbox 1252 1483 2248 1579; baseline 0.008 -31"><span class='ocrx_word' id='word_1_203' title='bbox 1252 1505 1369 1574; x_wconf 88' lang='lat' dir='ltr'>neque</span> <span class='ocrx_word' id='word_1_204' title='bbox 1387 1494 1438 1551; x_wconf 80' lang='lat' dir='ltr'>est</span> <span class='ocrx_word' id='word_1_205' title='bbox 1456 1483 1623 1573; x_wconf 82' lang='lat' dir='ltr'>effugium</span> <span class='ocrx_word' id='word_1_206' title='bbox 1646 1488 1791 1566; x_wconf 89' lang='lat' dir='ltr'>mortis;</span> <span class='ocrx_word' id='word_1_207' title='bbox 1818 1489 1971 1578; x_wconf 86' lang='lat' dir='ltr'>perdens</span> <span class='ocrx_word' id='word_1_208' title='bbox 1985 1501 2146 1557; x_wconf 86' lang='lat' dir='ltr'>senectus</span> <span class='ocrx_word' id='word_1_209' title='bbox 2168 1512 2248 1579; x_wconf 89' lang='lat' dir='ltr'>per-</span> 
     </span>
     <span class='ocr_line' id='line_1_36' title="bbox 1252 1583 2247 1681; baseline 0.008 -31"><span class='ocrx_word' id='word_1_210' title='bbox 1252 1583 1409 1668; x_wconf 85' lang='lat' dir='ltr'>niciosa,</span> <span class='ocrx_word' id='word_1_211' title='bbox 1434 1607 1647 1661; x_wconf 87' lang='lat' dir='ltr'>consumens</span> <span class='ocrx_word' id='word_1_212' title='bbox 1667 1584 1853 1656; x_wconf 89' lang='lat' dir='ltr'>hominem</span> <span class='ocrx_word' id='word_1_213' title='bbox 1880 1591 1995 1658; x_wconf 82' lang='lat' dir='ltr'>adfert</span> <span class='ocrx_word' id='word_1_214' title='bbox 2010 1591 2124 1673; x_wconf 90' lang='lat' dir='ltr'>mala,</span> <span class='ocrx_word' id='word_1_215' title='bbox 2153 1589 2247 1681; x_wconf 83' lang='lat' dir='ltr'>(ipsa</span> 
     </span>
     <span class='ocr_line' id='line_1_37' title="bbox 1252 1689 2301 1783; baseline 0.009 -29"><span class='ocrx_word' id='word_1_216' title='bbox 1252 1692 1415 1757; x_wconf 72' lang='lat' dir='ltr'>seneclus</span> <span class='ocrx_word' id='word_1_217' title='bbox 1427 1689 1577 1758; x_wconf 88' lang='lat' dir='ltr'>morbus</span> <span class='ocrx_word' id='word_1_218' title='bbox 1591 1703 1654 1774; x_wconf 88' lang='lat' dir='ltr'>est,</span> <span class='ocrx_word' id='word_1_219' title='bbox 1678 1689 1760 1783; x_wconf 84' lang='lat' dir='ltr'>etc.)</span> <span class='ocrx_word' id='word_1_220' title='bbox 1778 1691 1921 1781; x_wconf 83' lang='lat' dir='ltr'>attingit</span> <span class='ocrx_word' id='word_1_221' title='bbox 1935 1717 2114 1761; x_wconf 90' lang='lat' dir='ltr'>summum</span> <span class='ocrx_word' id='word_1_222' title='bbox 2132 1705 2250 1782; x_wconf 81' lang='lat' dir='ltr'>caput.</span> <span class='ocrx_word' id='word_1_223' title='bbox 2298 1768 2301 1773; x_wconf 79' lang='lat'>.</span> 
     </span>
    </p>

    <p class='ocr_par' dir='ltr' id='par_1_15' title="bbox 1253 1804 2252 2416">
     <span class='ocr_line' id='line_1_38' title="bbox 1354 1804 2250 1907; baseline 0 -31"><span class='ocrx_word' id='word_1_224' title='bbox 1354 1804 1433 1876; x_wconf 90' lang='lat' dir='ltr'>Vss.</span> <span class='ocrx_word' id='word_1_225' title='bbox 1455 1807 1555 1878; x_wconf 80' lang='lat'>1015</span> <span class='ocrx_word' id='word_1_226' title='bbox 1573 1834 1651 1903; x_wconf 89' lang='lat' dir='ltr'>sqq.</span> <span class='ocrx_word' id='word_1_227' title='bbox 1682 1804 1800 1902; x_wconf 58' lang='lat' dir='ltr'>w)</span> <span class='ocrx_word' id='word_1_228' title='bbox 1828 1805 1976 1907; x_wconf 84' lang='grc' dir='ltr'><strong><em>μάκαρ]</em></strong></span> <span class='ocrx_word' id='word_1_229' title='bbox 2002 1808 2056 1879; x_wconf 88' lang='lat' dir='ltr'>De</span> <span class='ocrx_word' id='word_1_230' title='bbox 2080 1811 2153 1877; x_wconf 87' lang='lat' dir='ltr'>vita</span> <span class='ocrx_word' id='word_1_231' title='bbox 2176 1811 2250 1901; x_wconf 90' lang='lat' dir='ltr'>pri-</span> 
     </span>
     <span class='ocr_line' id='line_1_39' title="bbox 1253 1907 2250 2009; baseline 0.011 -33"><span class='ocrx_word' id='word_1_232' title='bbox 1253 1922 1348 1980; x_wconf 87' lang='lat' dir='ltr'>vata.</span> <span class='ocrx_word' id='word_1_233' title='bbox 1398 1907 1598 1982; x_wconf 73' lang='lat' dir='ltr'>Lucienus:</span> <span class='ocrx_word' id='word_1_234' title='bbox 1632 1907 1724 1993; x_wconf 79' lang='grc' dir='ltr'><strong><em>Βίος</em></strong></span> <span class='ocrx_word' id='word_1_235' title='bbox 1746 1907 1908 1986; x_wconf 77' lang='lat' dir='ltr'>ldtuirwr</span> <span class='ocrx_word' id='word_1_236' title='bbox 1931 1912 2099 2009; x_wconf 75' lang='grc' dir='ltr'>ἄριστος,</span> <span class='ocrx_word' id='word_1_237' title='bbox 2130 1912 2168 1982; x_wconf 75' lang='lat' dir='ltr'>ld</span> <span class='ocrx_word' id='word_1_238' title='bbox 2186 1924 2250 1997; x_wconf 70' lang='lat' dir='ltr'>est,</span> 
     </span>
     <span class='ocr_line' id='line_1_40' title="bbox 1253 2014 2250 2108; baseline 0.002 -27"><span class='ocrx_word' id='word_1_239' title='bbox 1253 2014 1479 2103; x_wconf 80' lang='lat' dir='ltr'>privatorum</span> <span class='ocrx_word' id='word_1_240' title='bbox 1494 2014 1567 2082; x_wconf 91' lang='lat' dir='ltr'>vita</span> <span class='ocrx_word' id='word_1_241' title='bbox 1583 2015 1733 2105; x_wconf 88' lang='lat' dir='ltr'>optima.</span> <span class='ocrx_word' id='word_1_242' title='bbox 1793 2015 1905 2108; x_wconf 89' lang='lat' dir='ltr'>Saepe</span> <span class='ocrx_word' id='word_1_243' title='bbox 1921 2017 2027 2108; x_wconf 91' lang='lat' dir='ltr'>pinus</span> <span class='ocrx_word' id='word_1_244' title='bbox 2044 2014 2159 2086; x_wconf 90' lang='lat' dir='ltr'>ventis</span> <span class='ocrx_word' id='word_1_245' title='bbox 2177 2015 2250 2106; x_wconf 81' lang='lat' dir='ltr'>agi·</span> 
     </span>
     <span class='ocr_line' id='line_1_41' title="bbox 1255 2114 2252 2212; baseline 0.001 -28"><span class='ocrx_word' id='word_1_246' title='bbox 1255 2128 1352 2186; x_wconf 86' lang='lat' dir='ltr'>tatur</span> <span class='ocrx_word' id='word_1_247' title='bbox 1366 2116 1490 2206; x_wconf 77' lang='lat' dir='ltr'>ingens</span> <span class='ocrx_word' id='word_1_248' title='bbox 1506 2131 1571 2188; x_wconf 88' lang='lat' dir='ltr'>etc.</span> <span class='ocrx_word' id='word_1_249' title='bbox 1608 2116 1672 2186; x_wconf 85' lang='lat' dir='ltr'>Et:</span> <span class='ocrx_word' id='word_1_250' title='bbox 1701 2117 1815 2187; x_wconf 90' lang='lat' dir='ltr'>Crede</span> <span class='ocrx_word' id='word_1_251' title='bbox 1831 2114 1939 2203; x_wconf 82' lang='lat' dir='ltr'>mihi,</span> <span class='ocrx_word' id='word_1_252' title='bbox 1962 2121 2053 2188; x_wconf 88' lang='lat' dir='ltr'>bene</span> <span class='ocrx_word' id='word_1_253' title='bbox 2071 2119 2132 2212; x_wconf 93' lang='lat' dir='ltr'>qui</span> <span class='ocrx_word' id='word_1_254' title='bbox 2147 2115 2252 2187; x_wconf 90' lang='lat' dir='ltr'>latuit</span> 
     </span>
     <span class='ocr_line' id='line_1_42' title="bbox 1255 2218 2251 2312; baseline 0.002 -25"><span class='ocrx_word' id='word_1_255' title='bbox 1255 2231 1320 2289; x_wconf 88' lang='lat' dir='ltr'>etc.</span> <span class='ocrx_word' id='word_1_256' title='bbox 1372 2218 1489 2288; x_wconf 86' lang='lat' dir='ltr'>Multo</span> <span class='ocrx_word' id='word_1_257' title='bbox 1504 2221 1625 2290; x_wconf 89' lang='lat' dir='ltr'>minus</span> <span class='ocrx_word' id='word_1_258' title='bbox 1642 2233 1694 2291; x_wconf 92' lang='lat' dir='ltr'>est</span> <span class='ocrx_word' id='word_1_259' title='bbox 1716 2221 1865 2312; x_wconf 86' lang='lat' dir='ltr'>periculi</span> <span class='ocrx_word' id='word_1_260' title='bbox 1888 2223 1926 2289; x_wconf 92' lang='lat' dir='ltr'>in</span> <span class='ocrx_word' id='word_1_261' title='bbox 1951 2221 2114 2291; x_wconf 80' lang='lat' dir='ltr'>inferiori</span> <span class='ocrx_word' id='word_1_262' title='bbox 2138 2223 2251 2312; x_wconf 85' lang='lat' dir='ltr'>gradu</span> 
     </span>
     <span class='ocr_line' id='line_1_43' title="bbox 1257 2320 2252 2416; baseline 0.001 -28"><span class='ocrx_word' id='word_1_263' title='bbox 1257 2345 1365 2413; x_wconf 89' lang='lat' dir='ltr'>quam</span> <span class='ocrx_word' id='word_1_264' title='bbox 1392 2322 1431 2388; x_wconf 92' lang='lat' dir='ltr'>in</span> <span class='ocrx_word' id='word_1_265' title='bbox 1460 2348 1613 2392; x_wconf 87' lang='lat' dir='ltr'>summo.</span> <span class='ocrx_word' id='word_1_266' title='bbox 1686 2323 1858 2416; x_wconf 77' lang='lat' dir='ltr'>Appetere</span> <span class='ocrx_word' id='word_1_267' title='bbox 1891 2327 2153 2416; x_wconf 91' lang='lat' dir='ltr'>principatum,</span> <span class='ocrx_word' id='word_1_268' title='bbox 2194 2320 2252 2391; x_wconf 86' lang='lat' dir='ltr'>vel</span> 
     </span>
    </p>
   </div>
   <div class='ocr_carea' id='block_1_13' title="bbox 1256 2423 2129 2606">
    <p class='ocr_par' dir='ltr' id='par_1_16' title="bbox 1256 2423 2129 2606">
     <span class='ocr_line' id='line_1_44' title="bbox 1256 2423 2129 2519; baseline 0.008 -30"><span class='ocrx_word' id='word_1_269' title='bbox 1256 2423 1361 2490; x_wconf 89' lang='lat' dir='ltr'>etiam</span> <span class='ocrx_word' id='word_1_270' title='bbox 1381 2423 1472 2492; x_wconf 91' lang='lat' dir='ltr'>iuste</span> <span class='ocrx_word' id='word_1_271' title='bbox 1489 2436 1627 2507; x_wconf 88' lang='lat' dir='ltr'>tenere,</span> <span class='ocrx_word' id='word_1_272' title='bbox 1653 2450 1793 2517; x_wconf 88' lang='lat' dir='ltr'>semper</span> <span class='ocrx_word' id='word_1_273' title='bbox 1810 2441 1863 2498; x_wconf 88' lang='lat' dir='ltr'>est</span> <span class='ocrx_word' id='word_1_274' title='bbox 1876 2428 2129 2519; x_wconf 88' lang='lat' dir='ltr'>periculosum.</span> 
     </span>
     <span class='ocr_line' id='line_1_45' title="bbox 1392 2540 2096 2606; baseline 0.003 -16"><span class='ocrx_word' id='word_1_275' title='bbox 1392 2540 1452 2590; x_wconf 79' lang='lat' dir='ltr'>lm</span> <span class='ocrx_word' id='word_1_276' title='bbox 1468 2542 1564 2592; x_wconf 78' lang='lat' dir='ltr'>teneat</span> <span class='ocrx_word' id='word_1_277' title='bbox 1580 2552 1692 2606; x_wconf 74' lang='lat' dir='ltr'>paoem,</span> <span class='ocrx_word' id='word_1_278' title='bbox 1716 2546 1835 2606; x_wconf 74' lang='lat' dir='ltr'>perram</span> <span class='ocrx_word' id='word_1_279' title='bbox 1852 2544 1994 2595; x_wconf 74' lang='lat' dir='ltr'>altissima</span> <span class='ocrx_word' id='word_1_280' title='bbox 2010 2542 2096 2594; x_wconf 83' lang='lat' dir='ltr'>venti.</span> 
     </span>
    </p>
   </div>
   <div class='ocr_carea' id='block_1_14' title="bbox 1358 2624 2254 2723">
    <p class='ocr_par' dir='ltr' id='par_1_17' title="bbox 1358 2624 2254 2723">
     <span class='ocr_line' id='line_1_46' title="bbox 1358 2624 2254 2723; baseline 0 -27"><span class='ocrx_word' id='word_1_281' title='bbox 1358 2624 1731 2700; x_wconf 77' lang='lat' dir='ltr'>Vss.1015-1016.</span> <span class='ocrx_word' id='word_1_282' title='bbox 1765 2630 1996 2723; x_wconf 88' lang='lat' dir='ltr'>(Priusquam</span> <span class='ocrx_word' id='word_1_283' title='bbox 2020 2631 2094 2719; x_wconf 87' lang='lat' dir='ltr'>ipse</span> <span class='ocrx_word' id='word_1_284' title='bbox 2118 2640 2254 2696; x_wconf 87' lang='lat' dir='ltr'>metuat</span> 
     </span>
    </p>
   </div>
   <div class='ocr_carea' id='block_1_15' title="bbox 321 2727 2252 2853">
    <p class='ocr_par' dir='ltr' id='par_1_18' title="bbox 321 2727 2252 2853">
     <span class='ocr_line' id='line_1_47' title="bbox 321 2727 2252 2853; baseline -0.002 -54"><span class='ocrx_word' id='word_1_285' title='bbox 321 2754 399 2828; x_wconf 48' lang='lat' dir='ltr'>VS&amp;</span> <span class='ocrx_word' id='word_1_286' title='bbox 415 2756 487 2830; x_wconf 73' lang='lat'>991</span> <span class='ocrx_word' id='word_1_287' title='bbox 507 2785 561 2852; x_wconf 39' lang='lat' dir='ltr'>sq·</span> <span class='ocrx_word' id='word_1_288' title='bbox 595 2759 801 2852; x_wconf 63' lang='lat' dir='ltr'>Aliquando</span> <span class='ocrx_word' id='word_1_289' title='bbox 825 2759 982 2842; x_wconf 54' lang='lat' dir='ltr'><strong>dolebis,</strong></span> <span class='ocrx_word' id='word_1_290' title='bbox 1009 2759 1205 2853; x_wconf 56' lang='lat' dir='ltr'>aliquando</span> <span class='ocrx_word' id='word_1_291' title='bbox 1228 2784 1233 2853; x_wconf 57' lang='grc' dir='ltr'>Ι</span> <span class='ocrx_word' id='word_1_292' title='bbox 1257 2727 1508 2825; x_wconf 68' lang='lat' dir='ltr'>inimicos“).)</span> <span class='ocrx_word' id='word_1_293' title='bbox 1541 2731 1673 2802; x_wconf 85' lang='lat' dir='ltr'>Beatus</span> <span class='ocrx_word' id='word_1_294' title='bbox 1698 2746 1769 2814; x_wconf 89' lang='lat' dir='ltr'>est,</span> <span class='ocrx_word' id='word_1_295' title='bbox 1804 2734 1962 2826; x_wconf 91' lang='lat' dir='ltr'>quinon</span> <span class='ocrx_word' id='word_1_296' title='bbox 1988 2728 2096 2801; x_wconf 88' lang='lat' dir='ltr'>habet</span> <span class='ocrx_word' id='word_1_297' title='bbox 2123 2753 2252 2819; x_wconf 82' lang='lat' dir='ltr'>magna</span> 
     </span>
    </p>
   </div>
   <div class='ocr_carea' id='block_1_16' title="bbox 165 2854 664 2960">
    <p class='ocr_par' dir='ltr' id='par_1_19' title="bbox 165 2854 664 2960">
     <span class='ocr_line' id='line_1_48' title="bbox 165 2854 664 2960; baseline 0.004 -31"><span class='ocrx_word' id='word_1_298' title='bbox 165 2854 339 2943; x_wconf 68' lang='lat' dir='ltr'>..faeiem</span> <span class='ocrx_word' id='word_1_299' title='bbox 356 2873 458 2953; x_wconf 90' lang='lat' dir='ltr'>potes</span> <span class='ocrx_word' id='word_1_300' title='bbox 474 2858 664 2960; x_wconf 73' lang='lat' dir='ltr'>gaudere]</span> 
     </span>
    </p>
   </div>
   <div class='ocr_carea' id='block_1_17' title="bbox 204 2958 2256 3133">
    <p class='ocr_par' dir='ltr' id='par_1_20' title="bbox 204 2958 2256 3133">
     <span class='ocr_line' id='line_1_49' title="bbox 204 2958 2256 3133; baseline 0.02 -101"><span class='ocrx_word' id='word_1_301' title='bbox 204 2987 252 3033; x_wconf 87' lang='lat' dir='ltr'>na</span> <span class='ocrx_word' id='word_1_302' title='bbox 277 2977 509 3059; x_wconf 78' lang='lat' dir='ltr'>positumque</span> <span class='ocrx_word' id='word_1_303' title='bbox 523 2964 600 3056; x_wconf 81' lang='lat' dir='ltr'>lege</span> <span class='ocrx_word' id='word_1_304' title='bbox 616 2978 688 3050; x_wconf 89' lang='lat' dir='ltr'>est,</span> <span class='ocrx_word' id='word_1_305' title='bbox 714 2980 756 3035; x_wconf 92' lang='lat' dir='ltr'>ut</span> <span class='ocrx_word' id='word_1_306' title='bbox 773 2978 911 3039; x_wconf 84' lang='lat' dir='ltr'>constet</span> <span class='ocrx_word' id='word_1_307' title='bbox 927 2965 1088 3056; x_wconf 74' lang='lat' dir='ltr'>genitum</span> <span class='ocrx_word' id='word_1_308' title='bbox 1103 2958 1206 3033; x_wconf 81' lang='lat' dir='ltr'>nihil.</span> <span class='ocrx_word' id='word_1_309' title='bbox 1229 2990 1234 3111; x_wconf 65' lang='grc' dir='ltr'><strong><em>ρ</em></strong></span> <span class='ocrx_word' id='word_1_310' title='bbox 1258 3060 1332 3120; x_wconf 50' lang='lat' dir='ltr'>cos,</span> <span class='ocrx_word' id='word_1_311' title='bbox 1356 3050 1391 3106; x_wconf 55' lang='lat' dir='ltr'>et</span> <span class='ocrx_word' id='word_1_312' title='bbox 1408 3039 1616 3133; x_wconf 56' lang='lat' dir='ltr'>priusquam</span> <span class='ocrx_word' id='word_1_313' title='bbox 1634 3040 1794 3130; x_wconf 58' lang='lat' dir='ltr'>exploret</span> <span class='ocrx_word' id='word_1_314' title='bbox 1810 3040 1955 3124; x_wconf 52' lang='lat' dir='ltr'>amicos,</span> <span class='ocrx_word' id='word_1_315' title='bbox 1975 3063 2083 3132; x_wconf 65' lang='lat' dir='ltr'>quam</span> <span class='ocrx_word' id='word_1_316' title='bbox 2099 3034 2256 3108; x_wconf 58' lang='lat' dir='ltr'><strong>habeant</strong></span> 
     </span>
    </p>
   </div>
   <div class='ocr_carea' id='block_1_18' title="bbox 205 3063 1206 3255">
    <p class='ocr_par' dir='ltr' id='par_1_21' title="bbox 205 3063 1206 3255">
     <span class='ocr_line' id='line_1_50' title="bbox 205 3063 1206 3154; baseline -0.001 -19"><span class='ocrx_word' id='word_1_317' title='bbox 205 3064 309 3138; x_wconf 87' lang='lat' dir='ltr'>Lusit</span> <span class='ocrx_word' id='word_1_318' title='bbox 326 3066 364 3135; x_wconf 90' lang='lat' dir='ltr'>in</span> <span class='ocrx_word' id='word_1_319' title='bbox 381 3069 492 3136; x_wconf 87' lang='lat' dir='ltr'>verbo</span> <span class='ocrx_word' id='word_1_320' title='bbox 511 3078 725 3154; x_wconf 88' lang='lat' dir='ltr'>‚,constat“,</span> <span class='ocrx_word' id='word_1_321' title='bbox 752 3068 789 3137; x_wconf 91' lang='lat' dir='ltr'>id</span> <span class='ocrx_word' id='word_1_322' title='bbox 808 3082 878 3150; x_wconf 88' lang='lat' dir='ltr'>est,</span> <span class='ocrx_word' id='word_1_323' title='bbox 905 3063 975 3137; x_wconf 93' lang='lat' dir='ltr'>hoc</span> <span class='ocrx_word' id='word_1_324' title='bbox 988 3092 1101 3137; x_wconf 88' lang='lat' dir='ltr'>unum</span> <span class='ocrx_word' id='word_1_325' title='bbox 1121 3090 1206 3136; x_wconf 90' lang='lat' dir='ltr'>con-</span> 
     </span>
     <span class='ocr_line' id='line_1_51' title="bbox 208 3168 1065 3255; baseline 0 -15"><span class='ocrx_word' id='word_1_326' title='bbox 208 3182 296 3253; x_wconf 87' lang='lat' dir='ltr'>stat,</span> <span class='ocrx_word' id='word_1_327' title='bbox 322 3169 358 3238; x_wconf 90' lang='lat' dir='ltr'>id</span> <span class='ocrx_word' id='word_1_328' title='bbox 376 3183 446 3252; x_wconf 98' lang='grc' dir='ltr'><strong>εει,</strong></span> <span class='ocrx_word' id='word_1_329' title='bbox 474 3172 618 3240; x_wconf 83' lang='lat' dir='ltr'>firmum</span> <span class='ocrx_word' id='word_1_330' title='bbox 637 3183 708 3255; x_wconf 88' lang='lat' dir='ltr'>est,</span> <span class='ocrx_word' id='word_1_331' title='bbox 735 3185 775 3243; x_wconf 92' lang='lat' dir='ltr'>ut</span> <span class='ocrx_word' id='word_1_332' title='bbox 790 3168 881 3239; x_wconf 92' lang='lat' dir='ltr'>nibil</span> <span class='ocrx_word' id='word_1_333' title='bbox 897 3172 941 3241; x_wconf 89' lang='lat' dir='ltr'>sit</span> <span class='ocrx_word' id='word_1_334' title='bbox 959 3171 1065 3240; x_wconf 86' lang='lat' dir='ltr'>firmi.</span> 
     </span>
    </p>
   </div>
   <div class='ocr_carea' id='block_1_19' title="bbox 207 3288 1208 3773">
    <p class='ocr_par' dir='ltr' id='par_1_22' title="bbox 207 3288 1208 3773">
     <span class='ocr_line' id='line_1_52' title="bbox 309 3288 1207 3385; baseline 0.001 -30"><span class='ocrx_word' id='word_1_335' title='bbox 309 3288 388 3359; x_wconf 86' lang='lat' dir='ltr'>Vss.</span> <span class='ocrx_word' id='word_1_336' title='bbox 404 3288 636 3363; x_wconf 79' lang='lat'>995-996.</span> <span class='ocrx_word' id='word_1_337' title='bbox 663 3292 846 3385; x_wconf 85' lang='lat' dir='ltr'>Hymnum</span> <span class='ocrx_word' id='word_1_338' title='bbox 869 3303 1029 3383; x_wconf 82' lang='lat' dir='ltr'>gratum,</span> <span class='ocrx_word' id='word_1_339' title='bbox 1056 3289 1207 3359; x_wconf 90' lang='lat' dir='ltr'>delecta·</span> 
     </span>
     <span class='ocr_line' id='line_1_53' title="bbox 207 3391 1208 3488; baseline -0.003 -25"><span class='ocrx_word' id='word_1_340' title='bbox 207 3391 339 3477; x_wconf 89' lang='lat' dir='ltr'>bilem,</span> <span class='ocrx_word' id='word_1_341' title='bbox 366 3405 401 3461; x_wconf 90' lang='lat' dir='ltr'>et</span> <span class='ocrx_word' id='word_1_342' title='bbox 424 3392 471 3463; x_wconf 87' lang='lat' dir='ltr'>sit</span> <span class='ocrx_word' id='word_1_343' title='bbox 494 3405 619 3466; x_wconf 89' lang='lat' dir='ltr'>tenens</span> <span class='ocrx_word' id='word_1_344' title='bbox 643 3391 833 3488; x_wconf 91' lang='lat' dir='ltr'>pulchrum</span> <span class='ocrx_word' id='word_1_345' title='bbox 857 3392 985 3463; x_wconf 88' lang='lat' dir='ltr'>florem</span> <span class='ocrx_word' id='word_1_346' title='bbox 1011 3416 1079 3486; x_wconf 91' lang='lat' dir='ltr'>pro</span> <span class='ocrx_word' id='word_1_347' title='bbox 1103 3415 1208 3484; x_wconf 92' lang='lat' dir='ltr'>prae-</span> 
     </span>
     <span class='ocr_line' id='line_1_54' title="bbox 208 3493 1207 3587; baseline -0.004 -22"><span class='ocrx_word' id='word_1_348' title='bbox 208 3496 303 3582; x_wconf 89' lang='lat' dir='ltr'>mio,</span> <span class='ocrx_word' id='word_1_349' title='bbox 336 3507 372 3565; x_wconf 87' lang='lat' dir='ltr'>et</span> <span class='ocrx_word' id='word_1_350' title='bbox 397 3494 444 3566; x_wconf 90' lang='lat' dir='ltr'>sit</span> <span class='ocrx_word' id='word_1_351' title='bbox 465 3493 556 3567; x_wconf 86' lang='lat' dir='ltr'>milri</span> <span class='ocrx_word' id='word_1_352' title='bbox 578 3512 613 3567; x_wconf 86' lang='lat' dir='ltr'>et</span> <span class='ocrx_word' id='word_1_353' title='bbox 633 3498 698 3567; x_wconf 91' lang='lat' dir='ltr'>tibi</span> <span class='ocrx_word' id='word_1_354' title='bbox 724 3496 941 3568; x_wconf 88' lang='lat' dir='ltr'>certantibus</span> <span class='ocrx_word' id='word_1_355' title='bbox 967 3498 1011 3565; x_wconf 92' lang='lat' dir='ltr'>de</span> <span class='ocrx_word' id='word_1_356' title='bbox 1032 3495 1207 3587; x_wconf 89' lang='lat' dir='ltr'>sapientia</span> 
     </span>
     <span class='ocr_line' id='line_1_55' title="bbox 209 3598 1208 3698; baseline -0.003 -29"><span class='ocrx_word' id='word_1_357' title='bbox 209 3610 275 3670; x_wconf 88' lang='lat' dir='ltr'>etc.</span> <span class='ocrx_word' id='word_1_358' title='bbox 329 3599 569 3690; x_wconf 77' lang='lat' dir='ltr'>Cognoveris‚</span> <span class='ocrx_word' id='word_1_359' title='bbox 596 3614 732 3695; x_wconf 90' lang='lat' dir='ltr'>quanto</span> <span class='ocrx_word' id='word_1_360' title='bbox 756 3598 900 3698; x_wconf 74' lang='lat' dir='ltr'>muli⁸³)</span> <span class='ocrx_word' id='word_1_361' title='bbox 926 3601 997 3671; x_wconf 88' lang='lat' dir='ltr'>sint</span> <span class='ocrx_word' id='word_1_362' title='bbox 1023 3611 1208 3692; x_wconf 86' lang='lat' dir='ltr'>praestan-</span> 
     </span>
     <span class='ocr_line' id='line_1_56' title="bbox 208 3702 462 3773; baseline 0.008 -2"><span class='ocrx_word' id='word_1_363' title='bbox 208 3702 323 3772; x_wconf 89' lang='lat' dir='ltr'>tiores</span> <span class='ocrx_word' id='word_1_364' title='bbox 341 3703 462 3773; x_wconf 88' lang='lat' dir='ltr'>asinis.</span> 
     </span>
    </p>
   </div>
   <div class='ocr_carea' id='block_1_20' title="bbox 209 3812 1212 4741">
    <p class='ocr_par' dir='ltr' id='par_1_23' title="bbox 209 3812 1212 4430">
     <span class='ocr_line' id='line_1_57' title="bbox 312 3812 1209 3916; baseline 0.002 -30"><span class='ocrx_word' id='word_1_365' title='bbox 312 3821 392 3893; x_wconf 86' lang='lat' dir='ltr'>Vss.</span> <span class='ocrx_word' id='word_1_366' title='bbox 409 3821 663 3896; x_wconf 82' lang='lat'>997-1000.</span> <span class='ocrx_word' id='word_1_367' title='bbox 691 3823 848 3916; x_wconf 86' lang='lat' dir='ltr'>Quando</span> <span class='ocrx_word' id='word_1_368' title='bbox 871 3812 956 3892; x_wconf 71' lang='lat' dir='ltr'>uero</span> <span class='ocrx_word' id='word_1_369' title='bbox 983 3823 1037 3894; x_wconf 91' lang='lat' dir='ltr'>sol</span> <span class='ocrx_word' id='word_1_370' title='bbox 1059 3822 1209 3913; x_wconf 80' lang='lat' dir='ltr'>ungula·</span> 
     </span>
     <span class='ocr_line' id='line_1_58' title="bbox 210 3923 1209 4019; baseline -0.003 -24"><span class='ocrx_word' id='word_1_371' title='bbox 210 3949 269 3995; x_wconf 89' lang='lat' dir='ltr'>res</span> <span class='ocrx_word' id='word_1_372' title='bbox 301 3948 432 4019; x_wconf 90' lang='lat' dir='ltr'>equos,</span> <span class='ocrx_word' id='word_1_373' title='bbox 464 3925 598 4009; x_wconf 88' lang='lat' dir='ltr'>idest,</span> <span class='ocrx_word' id='word_1_374' title='bbox 630 3923 802 3995; x_wconf 89' lang='lat' dir='ltr'>habentes</span> <span class='ocrx_word' id='word_1_375' title='bbox 825 3924 1002 4016; x_wconf 84' lang='lat' dir='ltr'>integram</span> <span class='ocrx_word' id='word_1_376' title='bbox 1025 3926 1209 4014; x_wconf 82' lang='lat' dir='ltr'>ungulam,</span> 
     </span>
     <span class='ocr_line' id='line_1_59' title="bbox 209 4027 1210 4111; baseline -0.004 -13"><span class='ocrx_word' id='word_1_377' title='bbox 209 4028 284 4098; x_wconf 92' lang='lat' dir='ltr'>iam</span> <span class='ocrx_word' id='word_1_378' title='bbox 330 4028 519 4097; x_wconf 89' lang='lat' dir='ltr'>denuntiat</span> <span class='ocrx_word' id='word_1_379' title='bbox 555 4040 679 4099; x_wconf 88' lang='lat' dir='ltr'>tenens</span> <span class='ocrx_word' id='word_1_380' title='bbox 712 4027 867 4095; x_wconf 92' lang='lat' dir='ltr'>mediam</span> <span class='ocrx_word' id='word_1_381' title='bbox 903 4027 1028 4111; x_wconf 92' lang='lat' dir='ltr'>diem,</span> <span class='ocrx_word' id='word_1_382' title='bbox 1073 4029 1110 4097; x_wconf 92' lang='lat' dir='ltr'>id</span> <span class='ocrx_word' id='word_1_383' title='bbox 1145 4039 1210 4111; x_wconf 88' lang='grc' dir='ltr'><strong>εει,</strong></span> 
     </span>
     <span class='ocr_line' id='line_1_60' title="bbox 212 4129 1209 4228; baseline -0.006 -26"><span class='ocrx_word' id='word_1_384' title='bbox 212 4133 360 4228; x_wconf 85' lang='lat' dir='ltr'>quando</span> <span class='ocrx_word' id='word_1_385' title='bbox 386 4130 485 4201; x_wconf 89' lang='lat' dir='ltr'>venit</span> <span class='ocrx_word' id='word_1_386' title='bbox 505 4131 646 4201; x_wconf 92' lang='lat' dir='ltr'>medius</span> <span class='ocrx_word' id='word_1_387' title='bbox 666 4130 761 4215; x_wconf 90' lang='lat' dir='ltr'>dies,</span> <span class='ocrx_word' id='word_1_388' title='bbox 801 4129 1018 4221; x_wconf 80' lang='lat' dir='ltr'>attingamus</span> <span class='ocrx_word' id='word_1_389' title='bbox 1048 4153 1209 4213; x_wconf 89' lang='lat' dir='ltr'>coenam,</span> 
     </span>
     <span class='ocr_line' id='line_1_61' title="bbox 210 4231 1212 4329; baseline -0.006 -23"><span class='ocrx_word' id='word_1_390' title='bbox 210 4235 276 4306; x_wconf 91' lang='lat' dir='ltr'>ubi</span> <span class='ocrx_word' id='word_1_391' title='bbox 298 4234 454 4329; x_wconf 89' lang='lat' dir='ltr'>aliquem</span> <span class='ocrx_word' id='word_1_392' title='bbox 471 4233 620 4320; x_wconf 83' lang='lat' dir='ltr'>¹animus</span> <span class='ocrx_word' id='word_1_393' title='bbox 643 4235 760 4317; x_wconf 90' lang='lat' dir='ltr'>iubet,</span> <span class='ocrx_word' id='word_1_394' title='bbox 791 4231 828 4301; x_wconf 92' lang='lat' dir='ltr'>id</span> <span class='ocrx_word' id='word_1_395' title='bbox 852 4245 923 4316; x_wconf 87' lang='lat' dir='ltr'>est,</span> <span class='ocrx_word' id='word_1_396' title='bbox 958 4233 1103 4326; x_wconf 90' lang='lat' dir='ltr'>quando</span> <span class='ocrx_word' id='word_1_397' title='bbox 1128 4245 1212 4302; x_wconf 91' lang='lat' dir='ltr'>sunt</span> 
     </span>
     <span class='ocr_line' id='line_1_62' title="bbox 211 4335 955 4430; baseline 0.001 -25"><span class='ocrx_word' id='word_1_398' title='bbox 211 4336 303 4408; x_wconf 90' lang='lat' dir='ltr'>iusta</span> <span class='ocrx_word' id='word_1_399' title='bbox 321 4348 506 4430; x_wconf 89' lang='lat' dir='ltr'>tempora,</span> <span class='ocrx_word' id='word_1_400' title='bbox 533 4338 733 4408; x_wconf 89' lang='lat' dir='ltr'>tribuamus</span> <span class='ocrx_word' id='word_1_401' title='bbox 752 4360 792 4405; x_wconf 89' lang='lat' dir='ltr'>ca</span> <span class='ocrx_word' id='word_1_402' title='bbox 810 4335 955 4407; x_wconf 85' lang='lat' dir='ltr'>mensis.</span> 
     </span>
    </p>

    <p class='ocr_par' dir='ltr' id='par_1_24' title="bbox 211 4434 1211 4741">
     <span class='ocr_line' id='line_1_63' title="bbox 314 4434 1210 4532; baseline -0.006 -22"><span class='ocrx_word' id='word_1_403' title='bbox 314 4438 461 4510; x_wconf 87' lang='lat' dir='ltr'>Veteres</span> <span class='ocrx_word' id='word_1_404' title='bbox 488 4452 745 4532; x_wconf 82' lang='lat' dir='ltr'>protraxerunt</span> <span class='ocrx_word' id='word_1_405' title='bbox 774 4434 1048 4509; x_wconf 80' lang='lat' dir='ltr'>deliberationes</span> <span class='ocrx_word' id='word_1_406' title='bbox 1080 4451 1115 4507; x_wconf 94' lang='lat' dir='ltr'>et</span> <span class='ocrx_word' id='word_1_407' title='bbox 1140 4434 1210 4506; x_wconf 91' lang='lat' dir='ltr'>alia</span> 
     </span>
     <span class='ocr_line' id='line_1_64' title="bbox 211 4542 1211 4638; baseline -0.002 -27"><span class='ocrx_word' id='word_1_408' title='bbox 211 4543 355 4635; x_wconf 81' lang='lat' dir='ltr'>negotia</span> <span class='ocrx_word' id='word_1_409' title='bbox 381 4567 494 4638; x_wconf 90' lang='lat' dir='ltr'>usque</span> <span class='ocrx_word' id='word_1_410' title='bbox 519 4546 564 4614; x_wconf 90' lang='lat' dir='ltr'>ad</span> <span class='ocrx_word' id='word_1_411' title='bbox 578 4557 719 4637; x_wconf 90' lang='lat' dir='ltr'>tempus</span> <span class='ocrx_word' id='word_1_412' title='bbox 735 4542 1024 4636; x_wconf 85' lang='lat' dir='ltr'>pomeridianum</span> <span class='ocrx_word' id='word_1_413' title='bbox 1041 4553 1127 4626; x_wconf 77' lang='lat' dir='ltr'>etc,</span> <span class='ocrx_word' id='word_1_414' title='bbox 1159 4553 1211 4609; x_wconf 89' lang='lat' dir='ltr'>ta-</span> 
     </span>
     <span class='ocr_line' id='line_1_65' title="bbox 212 4644 974 4741; baseline 0 -25"><span class='ocrx_word' id='word_1_415' title='bbox 212 4672 298 4717; x_wconf 87' lang='lat' dir='ltr'>men</span> <span class='ocrx_word' id='word_1_416' title='bbox 312 4647 424 4741; x_wconf 87' lang='lat' dir='ltr'>aliqui</span> <span class='ocrx_word' id='word_1_417' title='bbox 440 4646 548 4716; x_wconf 88' lang='lat' dir='ltr'>etiam</span> <span class='ocrx_word' id='word_1_418' title='bbox 565 4644 771 4717; x_wconf 90' lang='lat' dir='ltr'>habuerunt</span> <span class='ocrx_word' id='word_1_419' title='bbox 784 4646 974 4716; x_wconf 89' lang='lat' dir='ltr'>ientacula.</span> 
     </span>
    </p>
   </div>
   <div class='ocr_carea' id='block_1_21' title="bbox 214 4761 1214 5170">
    <p class='ocr_par' dir='ltr' id='par_1_25' title="bbox 214 4761 1214 5170">
     <span class='ocr_line' id='line_1_66' title="bbox 317 4761 1212 4862; baseline -0.001 -28"><span class='ocrx_word' id='word_1_420' title='bbox 317 4766 395 4839; x_wconf 85' lang='lat' dir='ltr'>Vss.</span> <span class='ocrx_word' id='word_1_421' title='bbox 413 4768 510 4839; x_wconf 86' lang='lat'>1001</span> <span class='ocrx_word' id='word_1_422' title='bbox 528 4793 580 4862; x_wconf 89' lang='lat' dir='ltr'>sq.</span> <span class='ocrx_word' id='word_1_423' title='bbox 608 4766 688 4839; x_wconf 90' lang='lat' dir='ltr'>Cito</span> <span class='ocrx_word' id='word_1_424' title='bbox 712 4766 830 4859; x_wconf 88' lang='lat' dir='ltr'>puella</span> <span class='ocrx_word' id='word_1_425' title='bbox 848 4762 1029 4836; x_wconf 87' lang='lat' dir='ltr'>Laconica</span> <span class='ocrx_word' id='word_1_426' title='bbox 1052 4761 1111 4858; x_wconf 90' lang='lat' dir='ltr'>(ln</span> <span class='ocrx_word' id='word_1_427' title='bbox 1133 4789 1212 4834; x_wconf 89' lang='lat' dir='ltr'>ver-</span> 
     </span>
     <span class='ocr_line' id='line_1_67' title="bbox 214 4865 1212 4963; baseline -0.003 -24"><span class='ocrx_word' id='word_1_428' title='bbox 214 4870 311 4941; x_wconf 89' lang='lat' dir='ltr'>sibus</span> <span class='ocrx_word' id='word_1_429' title='bbox 325 4870 374 4940; x_wconf 90' lang='lat' dir='ltr'>ita</span> <span class='ocrx_word' id='word_1_430' title='bbox 391 4884 454 4942; x_wconf 89' lang='grc' dir='ltr'><strong>εει.</strong></span> <span class='ocrx_word' id='word_1_431' title='bbox 505 4867 662 4939; x_wconf 79' lang='lat' dir='ltr'>‘l&#39;hracia</span> <span class='ocrx_word' id='word_1_432' title='bbox 675 4866 785 4939; x_wconf 90' lang='lat' dir='ltr'>habet</span> <span class='ocrx_word' id='word_1_433' title='bbox 800 4865 1062 4963; x_wconf 90' lang='lat' dir='ltr'>pulcherrimos</span> <span class='ocrx_word' id='word_1_434' title='bbox 1088 4892 1212 4962; x_wconf 91' lang='lat' dir='ltr'>equos,</span> 
     </span>
     <span class='ocr_line' id='line_1_68' title="bbox 214 4968 1214 5067; baseline -0.004 -26"><span class='ocrx_word' id='word_1_435' title='bbox 214 4970 497 5044; x_wconf 80' lang='lat' dir='ltr'>Lacedaemonia</span> <span class='ocrx_word' id='word_1_436' title='bbox 517 4968 776 5066; x_wconf 90' lang='lat' dir='ltr'>pulcherrimas</span> <span class='ocrx_word' id='word_1_437' title='bbox 791 4970 986 5067; x_wconf 88' lang='lat' dir='ltr'>mulieres.)</span> <span class='ocrx_word' id='word_1_438' title='bbox 1010 4972 1151 5040; x_wconf 89' lang='lat' dir='ltr'>lavacra</span> <span class='ocrx_word' id='word_1_439' title='bbox 1178 4981 1214 5038; x_wconf 87' lang='lat' dir='ltr'>et</span> 
     </span>
     <span class='ocr_line' id='line_1_69' title="bbox 216 5071 993 5170; baseline 0.003 -26"><span class='ocrx_word' id='word_1_440' title='bbox 216 5086 368 5150; x_wconf 85' lang='lat' dir='ltr'>coronas</span> <span class='ocrx_word' id='word_1_441' title='bbox 386 5078 488 5170; x_wconf 82' lang='lat' dir='ltr'>virgo</span> <span class='ocrx_word' id='word_1_442' title='bbox 505 5071 653 5168; x_wconf 84' lang='lat' dir='ltr'>pulchra</span> <span class='ocrx_word' id='word_1_443' title='bbox 673 5089 797 5146; x_wconf 91' lang='lat' dir='ltr'>tenens</span> <span class='ocrx_word' id='word_1_444' title='bbox 814 5075 993 5146; x_wconf 90' lang='lat' dir='ltr'>manibus.</span> 
     </span>
    </p>
   </div>
   <div class='ocr_carea' id='block_1_22' title="bbox 252 5319 1212 5395">
    <p class='ocr_par' dir='ltr' id='par_1_26' title="bbox 252 5319 1212 5395">
     <span class='ocr_line' id='line_1_70' title="bbox 252 5319 1212 5395; baseline -0.002 -15"><span class='ocrx_word' id='word_1_445' title='bbox 252 5328 302 5387; x_wconf 72' lang='lat'>82)</span> <span class='ocrx_word' id='word_1_446' title='bbox 319 5328 411 5392; x_wconf 77' lang='lat' dir='ltr'>Eurlp.</span> <span class='ocrx_word' id='word_1_447' title='bbox 425 5330 555 5389; x_wconf 72' lang='grc'>1011900.</span> <span class='ocrx_word' id='word_1_448' title='bbox 575 5325 614 5378; x_wconf 71' lang='lat' dir='ltr'>Tri</span> <span class='ocrx_word' id='word_1_449' title='bbox 633 5325 721 5390; x_wconf 68' lang='grc' dir='ltr'><strong><em>θνηιὲ</em></strong></span> <span class='ocrx_word' id='word_1_450' title='bbox 740 5319 862 5379; x_wconf 65' lang='grc' dir='ltr'>τοιαῦτ’·</span> <span class='ocrx_word' id='word_1_451' title='bbox 888 5319 969 5376; x_wconf 67' lang='grc' dir='ltr'><strong><em>οὐδὲν</em></strong></span> <span class='ocrx_word' id='word_1_452' title='bbox 981 5321 1013 5375; x_wconf 74' lang='grc' dir='ltr'>ἔν</span> <span class='ocrx_word' id='word_1_453' title='bbox 1025 5320 1115 5395; x_wconf 69' lang='grc' dir='ltr'>ταύτῷ</span> <span class='ocrx_word' id='word_1_454' title='bbox 1127 5325 1212 5390; x_wconf 71' lang='grc' dir='ltr'><strong>μένει.</strong></span> 
     </span>
    </p>
   </div>
   <div class='ocr_carea' id='block_1_23' title="bbox 693 2833 2254 2938">
    <p class='ocr_par' dir='ltr' id='par_1_27' title="bbox 693 2833 2254 2938">
     <span class='ocr_line' id='line_1_71' title="bbox 693 2833 2254 2938; baseline -0.003 -31"><span class='ocrx_word' id='word_1_455' title='bbox 693 2859 886 2938; x_wconf 48' lang='lat' dir='ltr'><strong>Boethius:</strong></span> <span class='ocrx_word' id='word_1_456' title='bbox 923 2863 1073 2933; x_wconf 58' lang='lat' dir='ltr'>Constat</span> <span class='ocrx_word' id='word_1_457' title='bbox 1092 2873 1206 2930; x_wconf 59' lang='lat' dir='ltr'>aeter,</span> <span class='ocrx_word' id='word_1_458' title='bbox 1229 2863 1233 2905; x_wconf 80' lang='lat' dir='ltr'>t</span> <span class='ocrx_word' id='word_1_459' title='bbox 1257 2833 1422 2921; x_wconf 77' lang='lat' dir='ltr'>negotia,</span> <span class='ocrx_word' id='word_1_460' title='bbox 1449 2845 1490 2902; x_wconf 92' lang='lat' dir='ltr'>ut</span> <span class='ocrx_word' id='word_1_461' title='bbox 1510 2859 1585 2903; x_wconf 89' lang='lat' dir='ltr'>non</span> <span class='ocrx_word' id='word_1_462' title='bbox 1600 2835 1736 2903; x_wconf 90' lang='lat' dir='ltr'>incidat</span> <span class='ocrx_word' id='word_1_463' title='bbox 1750 2836 1789 2903; x_wconf 93' lang='lat' dir='ltr'>in</span> <span class='ocrx_word' id='word_1_464' title='bbox 1807 2837 2053 2904; x_wconf 89' lang='lat' dir='ltr'>contentiones</span> <span class='ocrx_word' id='word_1_465' title='bbox 2076 2833 2254 2914; x_wconf 84' lang='lat' dir='ltr'>exitiosas,</span> 
     </span>
    </p>
   </div>
   <div class='ocr_carea' id='block_1_24' title="bbox 1257 2933 2254 3028">
    <p class='ocr_par' dir='ltr' id='par_1_28' title="bbox 1257 2933 2254 3028">
     <span class='ocr_line' id='line_1_72' title="bbox 1257 2933 2254 3028; baseline -0.003 -25"><span class='ocrx_word' id='word_1_466' title='bbox 1257 2934 1320 3003; x_wconf 91' lang='lat' dir='ltr'>ubi</span> <span class='ocrx_word' id='word_1_467' title='bbox 1335 2958 1476 3004; x_wconf 86' lang='lat' dir='ltr'>necesse</span> <span class='ocrx_word' id='word_1_468' title='bbox 1498 2938 1562 3019; x_wconf 90' lang='lat' dir='ltr'>sit,</span> <span class='ocrx_word' id='word_1_469' title='bbox 1597 2952 1658 3006; x_wconf 86' lang='lat' dir='ltr'>aut</span> <span class='ocrx_word' id='word_1_470' title='bbox 1680 2949 1838 3007; x_wconf 86' lang='lat' dir='ltr'>metuere</span> <span class='ocrx_word' id='word_1_471' title='bbox 1860 2952 1922 3007; x_wconf 84' lang='lat' dir='ltr'>aut</span> <span class='ocrx_word' id='word_1_472' title='bbox 1944 2961 2113 3028; x_wconf 86' lang='lat' dir='ltr'>superare</span> <span class='ocrx_word' id='word_1_473' title='bbox 2135 2933 2254 3002; x_wconf 87' lang='lat' dir='ltr'>inimi·</span> 
     </span>
    </p>
   </div>
   <div class='ocr_carea' id='block_1_25' title="bbox 1257 3134 2256 3337">
    <p class='ocr_par' dir='ltr' id='par_1_29' title="bbox 1257 3134 2256 3337">
     <span class='ocr_line' id='line_1_73' title="bbox 1258 3134 2254 3236; baseline 0 -29"><span class='ocrx_word' id='word_1_474' title='bbox 1258 3134 1450 3236; x_wconf 80' lang='lat' dir='ltr'>mentem]</span> <span class='ocrx_word' id='word_1_475' title='bbox 1476 3138 1599 3212; x_wconf 89' lang='lat' dir='ltr'>Rebus</span> <span class='ocrx_word' id='word_1_476' title='bbox 1615 3142 1772 3233; x_wconf 84' lang='lat' dir='ltr'>adversis</span> <span class='ocrx_word' id='word_1_477' title='bbox 1790 3143 2023 3232; x_wconf 80' lang='lat' dir='ltr'>explorantur</span> <span class='ocrx_word' id='word_1_478' title='bbox 2040 3140 2164 3222; x_wconf 89' lang='lat' dir='ltr'>amici,</span> <span class='ocrx_word' id='word_1_479' title='bbox 2191 3139 2254 3207; x_wconf 88' lang='lat' dir='ltr'>sed</span> 
     </span>
     <span class='ocr_line' id='line_1_74' title="bbox 1257 3242 2256 3337; baseline 0.001 -27"><span class='ocrx_word' id='word_1_480' title='bbox 1257 3242 1403 3326; x_wconf 87' lang='lat' dir='ltr'>beatus,</span> <span class='ocrx_word' id='word_1_481' title='bbox 1429 3242 1581 3335; x_wconf 84' lang='lat' dir='ltr'>qui-non</span> <span class='ocrx_word' id='word_1_482' title='bbox 1597 3244 1762 3337; x_wconf 88' lang='lat' dir='ltr'>pervenit</span> <span class='ocrx_word' id='word_1_483' title='bbox 1777 3246 1823 3312; x_wconf 92' lang='lat' dir='ltr'>ad</span> <span class='ocrx_word' id='word_1_484' title='bbox 1838 3245 1937 3315; x_wconf 89' lang='lat' dir='ltr'>illam</span> <span class='ocrx_word' id='word_1_485' title='bbox 1958 3242 2256 3334; x_wconf 84' lang='lat' dir='ltr'>explorationem.</span> 
     </span>
    </p>
   </div>
   <div class='ocr_carea' id='block_1_26' title="bbox 1260 3359 2256 3760">
    <p class='ocr_par' dir='ltr' id='par_1_30' title="bbox 1260 3359 2256 3760">
     <span class='ocr_line' id='line_1_75' title="bbox 1359 3359 2256 3455; baseline 0.002 -29"><span class='ocrx_word' id='word_1_486' title='bbox 1359 3359 1438 3431; x_wconf 85' lang='lat' dir='ltr'>Vss.</span> <span class='ocrx_word' id='word_1_487' title='bbox 1456 3361 1735 3437; x_wconf 77' lang='lat'>1017-1022.</span> <span class='ocrx_word' id='word_1_488' title='bbox 1759 3362 1845 3433; x_wconf 82' lang='lat' dir='ltr'>Fuit</span> <span class='ocrx_word' id='word_1_489' title='bbox 1859 3360 1948 3432; x_wconf 90' lang='lat' dir='ltr'>mihi</span> <span class='ocrx_word' id='word_1_490' title='bbox 1963 3387 2028 3455; x_wconf 92' lang='lat' dir='ltr'>per</span> <span class='ocrx_word' id='word_1_491' title='bbox 2045 3374 2160 3431; x_wconf 90' lang='lat' dir='ltr'>cutem</span> <span class='ocrx_word' id='word_1_492' title='bbox 2179 3383 2256 3429; x_wconf 91' lang='lat' dir='ltr'>ma-</span> 
     </span>
     <span class='ocr_line' id='line_1_76' title="bbox 1260 3465 2254 3556; baseline -0.002 -23"><span class='ocrx_word' id='word_1_493' title='bbox 1260 3486 1350 3555; x_wconf 76' lang='lat' dir='ltr'>gnus</span> <span class='ocrx_word' id='word_1_494' title='bbox 1366 3465 1496 3547; x_wconf 89' lang='lat' dir='ltr'>sudor,</span> <span class='ocrx_word' id='word_1_495' title='bbox 1523 3478 1558 3534; x_wconf 91' lang='lat' dir='ltr'>et</span> <span class='ocrx_word' id='word_1_496' title='bbox 1571 3479 1735 3556; x_wconf 90' lang='lat' dir='ltr'>stupesco</span> <span class='ocrx_word' id='word_1_497' title='bbox 1753 3467 1894 3537; x_wconf 91' lang='lat' dir='ltr'>intuens</span> <span class='ocrx_word' id='word_1_498' title='bbox 1910 3468 2034 3536; x_wconf 87' lang='lat' dir='ltr'>florem</span> <span class='ocrx_word' id='word_1_499' title='bbox 2054 3466 2254 3534; x_wconf 88' lang='lat' dir='ltr'>adolescen-</span> 
     </span>
     <span class='ocr_line' id='line_1_77' title="bbox 1260 3565 2256 3661; baseline -0.002 -26"><span class='ocrx_word' id='word_1_500' title='bbox 1260 3566 1343 3635; x_wconf 88' lang='lat' dir='ltr'>tiae.</span> <span class='ocrx_word' id='word_1_501' title='bbox 1408 3565 1573 3637; x_wconf 86' lang='lat' dir='ltr'>Debebat</span> <span class='ocrx_word' id='word_1_502' title='bbox 1597 3593 1670 3638; x_wconf 87' lang='lat' dir='ltr'>esse</span> <span class='ocrx_word' id='word_1_503' title='bbox 1692 3570 1834 3660; x_wconf 86' lang='lat' dir='ltr'>longius</span> <span class='ocrx_word' id='word_1_504' title='bbox 1860 3569 2015 3661; x_wconf 87' lang='lat' dir='ltr'>spatium</span> <span class='ocrx_word' id='word_1_505' title='bbox 2046 3566 2256 3646; x_wconf 87' lang='lat' dir='ltr'>iuventutis,</span> 
     </span>
     <span class='ocr_line' id='line_1_78' title="bbox 1260 3662 2255 3760; baseline -0.004 -22"><span class='ocrx_word' id='word_1_506' title='bbox 1260 3670 1321 3739; x_wconf 84' lang='lat' dir='ltr'>sed</span> <span class='ocrx_word' id='word_1_507' title='bbox 1337 3670 1446 3738; x_wconf 84' lang='lat' dir='ltr'>breve</span> <span class='ocrx_word' id='word_1_508' title='bbox 1463 3683 1515 3740; x_wconf 88' lang='lat' dir='ltr'>est</span> <span class='ocrx_word' id='word_1_509' title='bbox 1531 3671 1623 3741; x_wconf 88' lang='lat' dir='ltr'>sicut</span> <span class='ocrx_word' id='word_1_510' title='bbox 1635 3672 1828 3744; x_wconf 89' lang='lat' dir='ltr'>somnium.</span> <span class='ocrx_word' id='word_1_511' title='bbox 1881 3670 2048 3741; x_wconf 88' lang='lat' dir='ltr'>Iuventus</span> <span class='ocrx_word' id='word_1_512' title='bbox 2066 3671 2172 3760; x_wconf 88' lang='lat' dir='ltr'>digna</span> <span class='ocrx_word' id='word_1_513' title='bbox 2189 3662 2255 3735; x_wconf 91' lang='lat' dir='ltr'>ho·</span> 
     </span>
    </p>
   </div>
   <div class='ocr_carea' id='block_1_27' title="bbox 1231 3744 2255 3867">
    <p class='ocr_par' dir='ltr' id='par_1_31' title="bbox 1231 3744 2255 3867">
     <span class='ocr_line' id='line_1_79' title="bbox 1231 3744 2255 3867; baseline 0.003 -32"><span class='ocrx_word' id='word_1_514' title='bbox 1231 3744 1235 3835; x_wconf 89' lang='lat' dir='ltr'>l</span> <span class='ocrx_word' id='word_1_515' title='bbox 1259 3795 1361 3842; x_wconf 90' lang='lat' dir='ltr'>nore.</span> <span class='ocrx_word' id='word_1_516' title='bbox 1412 3772 1581 3843; x_wconf 91' lang='lat' dir='ltr'>Senectus</span> <span class='ocrx_word' id='word_1_517' title='bbox 1595 3775 1803 3860; x_wconf 88' lang='lat' dir='ltr'>absumens,</span> <span class='ocrx_word' id='word_1_518' title='bbox 1829 3776 1982 3867; x_wconf 87' lang='lat' dir='ltr'>perdens</span> <span class='ocrx_word' id='word_1_519' title='bbox 1998 3774 2130 3866; x_wconf 89' lang='lat' dir='ltr'>pendet</span> <span class='ocrx_word' id='word_1_520' title='bbox 2148 3792 2255 3861; x_wconf 89' lang='lat' dir='ltr'>super</span> 
     </span>
    </p>
   </div>
   <div class='ocr_carea' id='block_1_28' title="bbox 1261 3874 2257 4092">
    <p class='ocr_par' dir='ltr' id='par_1_32' title="bbox 1261 3874 2257 4092">
     <span class='ocr_line' id='line_1_80' title="bbox 1261 3874 1761 3967; baseline 0.006 -25"><span class='ocrx_word' id='word_1_521' title='bbox 1261 3886 1385 3967; x_wconf 88' lang='lat' dir='ltr'>caput,</span> <span class='ocrx_word' id='word_1_522' title='bbox 1411 3874 1537 3959; x_wconf 86' lang='lat' dir='ltr'>idest,</span> <span class='ocrx_word' id='word_1_523' title='bbox 1564 3877 1634 3946; x_wconf 93' lang='lat' dir='ltr'>cito</span> <span class='ocrx_word' id='word_1_524' title='bbox 1652 3879 1761 3946; x_wconf 86' lang='lat' dir='ltr'>venit.</span> 
     </span>
     <span class='ocr_line' id='line_1_81' title="bbox 1362 3992 2257 4092; baseline -0.003 -26"><span class='ocrx_word' id='word_1_525' title='bbox 1362 3992 1440 4067; x_wconf 88' lang='lat' dir='ltr'>Vss.</span> <span class='ocrx_word' id='word_1_526' title='bbox 1461 3998 1559 4069; x_wconf 74' lang='lat'><strong>1023</strong></span> <span class='ocrx_word' id='word_1_527' title='bbox 1574 4023 1627 4092; x_wconf 89' lang='lat' dir='ltr'>sq.</span> <span class='ocrx_word' id='word_1_528' title='bbox 1653 3997 1849 4092; x_wconf 88' lang='lat' dir='ltr'>Nunquam</span> <span class='ocrx_word' id='word_1_529' title='bbox 1867 4021 1999 4090; x_wconf 91' lang='lat' dir='ltr'>ponam</span> <span class='ocrx_word' id='word_1_530' title='bbox 2026 3997 2155 4065; x_wconf 92' lang='lat' dir='ltr'>collum</span> <span class='ocrx_word' id='word_1_531' title='bbox 2181 4015 2257 4073; x_wconf 72' lang='lat' dir='ltr'>non</span> 
     </span>
    </p>
   </div>
   <div class='ocr_carea' id='block_1_29' title="bbox 1262 4097 2257 4295">
    <p class='ocr_par' dir='ltr' id='par_1_33' title="bbox 1262 4097 2257 4295">
     <span class='ocr_line' id='line_1_82' title="bbox 1262 4097 2257 4191; baseline 0 -26"><span class='ocrx_word' id='word_1_532' title='bbox 1262 4097 1438 4189; x_wconf 90' lang='lat' dir='ltr'>accipiens</span> <span class='ocrx_word' id='word_1_533' title='bbox 1453 4099 1597 4190; x_wconf 83' lang='lat' dir='ltr'>iugum,</span> <span class='ocrx_word' id='word_1_534' title='bbox 1623 4102 1785 4183; x_wconf 79' lang='lat' dir='ltr'>frenum,</span> <span class='ocrx_word' id='word_1_535' title='bbox 1812 4101 1960 4191; x_wconf 87' lang='lat' dir='ltr'>perdam</span> <span class='ocrx_word' id='word_1_536' title='bbox 1985 4099 2169 4181; x_wconf 87' lang='lat' dir='ltr'>inimicos,</span> <span class='ocrx_word' id='word_1_537' title='bbox 2194 4120 2257 4165; x_wconf 89' lang='lat' dir='ltr'>ne-</span> 
     </span>
     <span class='ocr_line' id='line_1_83' title="bbox 1262 4200 2055 4295; baseline 0.005 -27"><span class='ocrx_word' id='word_1_538' title='bbox 1262 4224 1332 4294; x_wconf 91' lang='lat' dir='ltr'>que</span> <span class='ocrx_word' id='word_1_539' title='bbox 1347 4201 1378 4270; x_wconf 91' lang='lat' dir='ltr'>si</span> <span class='ocrx_word' id='word_1_540' title='bbox 1394 4202 1486 4271; x_wconf 89' lang='lat' dir='ltr'>adsit</span> <span class='ocrx_word' id='word_1_541' title='bbox 1500 4227 1608 4295; x_wconf 88' lang='lat' dir='ltr'>supra</span> <span class='ocrx_word' id='word_1_542' title='bbox 1626 4217 1733 4294; x_wconf 89' lang='lat' dir='ltr'>caput</span> <span class='ocrx_word' id='word_1_543' title='bbox 1747 4229 1850 4272; x_wconf 90' lang='lat' dir='ltr'>mons</span> <span class='ocrx_word' id='word_1_544' title='bbox 1863 4200 2055 4295; x_wconf 84' lang='lat' dir='ltr'>Pbrygiae.</span> 
     </span>
    </p>
   </div>
   <div class='ocr_carea' id='block_1_30' title="bbox 1362 4317 2256 4416">
    <p class='ocr_par' dir='ltr' id='par_1_34' title="bbox 1362 4317 2256 4416">
     <span class='ocr_line' id='line_1_84' title="bbox 1362 4317 2256 4416; baseline -0.004 -27"><span class='ocrx_word' id='word_1_545' title='bbox 1362 4317 1441 4390; x_wconf 88' lang='lat' dir='ltr'>Vss.</span> <span class='ocrx_word' id='word_1_546' title='bbox 1457 4319 1557 4394; x_wconf 80' lang='lat'><strong>1025</strong></span> <span class='ocrx_word' id='word_1_547' title='bbox 1571 4348 1624 4416; x_wconf 90' lang='lat' dir='ltr'>sq.</span> <span class='ocrx_word' id='word_1_548' title='bbox 1650 4322 1805 4392; x_wconf 90' lang='lat' dir='ltr'>Levibus</span> <span class='ocrx_word' id='word_1_549' title='bbox 1819 4323 1857 4390; x_wconf 93' lang='lat' dir='ltr'>in</span> <span class='ocrx_word' id='word_1_550' title='bbox 1875 4322 2087 4391; x_wconf 90' lang='lat' dir='ltr'>adversitate</span> <span class='ocrx_word' id='word_1_551' title='bbox 2105 4319 2256 4388; x_wconf 91' lang='lat' dir='ltr'>vaniora</span> 
     </span>
    </p>
   </div>
   <div class='ocr_carea' id='block_1_31' title="bbox 1262 4421 2346 4620">
    <p class='ocr_par' dir='ltr' id='par_1_35' title="bbox 1262 4421 2346 4620">
     <span class='ocr_line' id='line_1_85' title="bbox 1262 4421 2256 4510; baseline -0.005 -18"><span class='ocrx_word' id='word_1_552' title='bbox 1262 4433 1346 4492; x_wconf 87' lang='lat' dir='ltr'>sunt</span> <span class='ocrx_word' id='word_1_553' title='bbox 1360 4424 1527 4508; x_wconf 89' lang='lat' dir='ltr'>consilia,</span> <span class='ocrx_word' id='word_1_554' title='bbox 1552 4427 1588 4494; x_wconf 94' lang='lat' dir='ltr'>id</span> <span class='ocrx_word' id='word_1_555' title='bbox 1607 4438 1677 4510; x_wconf 90' lang='grc' dir='ltr'><strong>εει,</strong></span> <span class='ocrx_word' id='word_1_556' title='bbox 1702 4427 1797 4496; x_wconf 86' lang='lat' dir='ltr'>leves</span> <span class='ocrx_word' id='word_1_557' title='bbox 1811 4421 1976 4494; x_wconf 88' lang='lat' dir='ltr'>homines</span> <span class='ocrx_word' id='word_1_558' title='bbox 1990 4425 2027 4492; x_wconf 92' lang='lat' dir='ltr'>in</span> <span class='ocrx_word' id='word_1_559' title='bbox 2041 4421 2256 4492; x_wconf 85' lang='lat' dir='ltr'>adversitate</span> 
     </span>
     <span class='ocr_line' id='line_1_86' title="bbox 1263 4520 2346 4620; baseline 0.001 -26"><span class='ocrx_word' id='word_1_560' title='bbox 1263 4525 1374 4594; x_wconf 90' lang='lat' dir='ltr'>multa</span> <span class='ocrx_word' id='word_1_561' title='bbox 1391 4528 1559 4598; x_wconf 90' lang='lat' dir='ltr'>scelerate</span> <span class='ocrx_word' id='word_1_562' title='bbox 1583 4542 1734 4599; x_wconf 90' lang='lat' dir='ltr'>tentant.</span> <span class='ocrx_word' id='word_1_563' title='bbox 1786 4528 1837 4598; x_wconf 92' lang='lat' dir='ltr'>Ut</span> <span class='ocrx_word' id='word_1_564' title='bbox 1858 4530 2022 4620; x_wconf 90' lang='lat' dir='ltr'>princeps</span> <span class='ocrx_word' id='word_1_565' title='bbox 2040 4520 2270 4618; x_wconf 53' lang='lat' dir='ltr'>captivus⁸⁷f</span> <span class='ocrx_word' id='word_1_566' title='bbox 2342 4584 2346 4595; x_wconf 86' lang='lat'>.</span> 
     </span>
    </p>
   </div>
   <div class='ocr_carea' id='block_1_32' title="bbox 1264 4627 2323 4741">
    <p class='ocr_par' dir='ltr' id='par_1_36' title="bbox 1264 4627 2323 4741">
     <span class='ocr_line' id='line_1_87' title="bbox 1264 4627 2323 4741; baseline -0.006 -43"><span class='ocrx_word' id='word_1_567' title='bbox 1264 4641 1316 4698; x_wconf 89' lang='grc' dir='ltr'>εει</span> <span class='ocrx_word' id='word_1_568' title='bbox 1334 4642 1498 4702; x_wconf 90' lang='lat' dir='ltr'>constans</span> <span class='ocrx_word' id='word_1_569' title='bbox 1512 4632 1550 4699; x_wconf 91' lang='lat' dir='ltr'>in</span> <span class='ocrx_word' id='word_1_570' title='bbox 1566 4632 1625 4700; x_wconf 90' lang='lat' dir='ltr'>illa</span> <span class='ocrx_word' id='word_1_571' title='bbox 1645 4632 1869 4723; x_wconf 88' lang='lat' dir='ltr'>captivitate,</span> <span class='ocrx_word' id='word_1_572' title='bbox 1905 4632 1965 4699; x_wconf 90' lang='lat' dir='ltr'>alii</span> <span class='ocrx_word' id='word_1_573' title='bbox 1990 4633 2083 4700; x_wconf 90' lang='lat' dir='ltr'>leves</span> <span class='ocrx_word' id='word_1_574' title='bbox 2109 4651 2184 4697; x_wconf 92' lang='lat' dir='ltr'>non</span> <span class='ocrx_word' id='word_1_575' title='bbox 2204 4627 2259 4695; x_wconf 83' lang='lat' dir='ltr'>sa·</span> <span class='ocrx_word' id='word_1_576' title='bbox 2316 4722 2323 4741; x_wconf 26' lang='grc' dir='ltr'><strong><em>ρ</em></strong></span> 
     </span>
    </p>
   </div>
   <div class='ocr_carea' id='block_1_33' title="bbox 1297 4867 2141 4942">
    <p class='ocr_par' dir='ltr' id='par_1_37' title="bbox 1297 4867 2141 4942">
     <span class='ocr_line' id='line_1_88' title="bbox 1297 4867 2141 4942; baseline -0.013 -14"><span class='ocrx_word' id='word_1_577' title='bbox 1297 4875 1346 4942; x_wconf 80' lang='grc'>81)</span> <span class='ocrx_word' id='word_1_578' title='bbox 1364 4874 1469 4938; x_wconf 62' lang='lat' dir='ltr'>turin]</span> <span class='ocrx_word' id='word_1_579' title='bbox 1487 4877 1527 4926; x_wconf 85' lang='lat' dir='ltr'>sto</span> <span class='ocrx_word' id='word_1_580' title='bbox 1545 4879 1685 4940; x_wconf 72' lang='lat' dir='ltr'>t&#39;beogn.;</span> <span class='ocrx_word' id='word_1_581' title='bbox 1711 4876 1759 4925; x_wconf 79' lang='lat' dir='ltr'>Ed.</span> <span class='ocrx_word' id='word_1_582' title='bbox 1777 4877 1852 4925; x_wconf 75' lang='lat'>1560.</span> <span class='ocrx_word' id='word_1_583' title='bbox 1871 4877 2015 4936; x_wconf 85' lang='lat' dir='ltr'>corrupte:</span> <span class='ocrx_word' id='word_1_584' title='bbox 2039 4867 2141 4920; x_wconf 68' lang='grc' dir='ltr'><strong><em>Σογδν.</em></strong></span> 
     </span>
    </p>
   </div>
   <div class='ocr_carea' id='block_1_34' title="bbox 1298 4956 2261 5095">
    <p class='ocr_par' dir='ltr' id='par_1_38' title="bbox 1298 4956 2261 5095">
     <span class='ocr_line' id='line_1_89' title="bbox 1298 4956 2261 5037; baseline -0.013 -23"><span class='ocrx_word' id='word_1_585' title='bbox 1298 4962 1347 5023; x_wconf 74' lang='lat' dir='ltr'>Sd)</span> <span class='ocrx_word' id='word_1_586' title='bbox 1363 4959 1424 5024; x_wconf 86' lang='grc' dir='ltr'>Ὡς]</span> <span class='ocrx_word' id='word_1_587' title='bbox 1442 4964 1482 5012; x_wconf 83' lang='lat' dir='ltr'>sic</span> <span class='ocrx_word' id='word_1_588' title='bbox 1498 4963 1549 5014; x_wconf 82' lang='lat' dir='ltr'>Ed.</span> <span class='ocrx_word' id='word_1_589' title='bbox 1565 4963 1639 5012; x_wconf 77' lang='grc'>1560.</span> <span class='ocrx_word' id='word_1_590' title='bbox 1658 4964 1685 5010; x_wconf 87' lang='grc' dir='ltr'><strong>ει</strong></span> <span class='ocrx_word' id='word_1_591' title='bbox 1700 4963 1784 5013; x_wconf 75' lang='lat' dir='ltr'>adice.</span> <span class='ocrx_word' id='word_1_592' title='bbox 1802 4964 1920 5025; x_wconf 65' lang='lat' dir='ltr'>rtieogn.</span> <span class='ocrx_word' id='word_1_593' title='bbox 1939 4971 2025 5023; x_wconf 78' lang='lat' dir='ltr'>supra</span> <span class='ocrx_word' id='word_1_594' title='bbox 2042 4973 2068 5020; x_wconf 72' lang='lat' dir='ltr'>p·</span> <span class='ocrx_word' id='word_1_595' title='bbox 2080 4956 2169 5007; x_wconf 75' lang='grc'>0-8.</span> <span class='ocrx_word' id='word_1_596' title='bbox 2189 4965 2261 5037; x_wconf 66' lang='lat' dir='ltr'>eqn-</span> 
     </span>
     <span class='ocr_line' id='line_1_90' title="bbox 1331 5024 2261 5095; baseline -0.013 -13"><span class='ocrx_word' id='word_1_597' title='bbox 1331 5037 1469 5095; x_wconf 78' lang='lat' dir='ltr'>moratae,</span> <span class='ocrx_word' id='word_1_598' title='bbox 1486 5035 1570 5094; x_wconf 79' lang='lat' dir='ltr'>atque</span> <span class='ocrx_word' id='word_1_599' title='bbox 1582 5032 1700 5081; x_wconf 77' lang='lat' dir='ltr'>Brunclt.</span> <span class='ocrx_word' id='word_1_600' title='bbox 1717 5034 1745 5079; x_wconf 87' lang='lat' dir='ltr'>et</span> <span class='ocrx_word' id='word_1_601' title='bbox 1760 5031 1867 5092; x_wconf 68' lang='lat' dir='ltr'>Galat,</span> <span class='ocrx_word' id='word_1_602' title='bbox 1889 5027 2085 5092; x_wconf 66' lang='lat' dir='ltr'>adiuuerit,</span> <span class='ocrx_word' id='word_1_603' title='bbox 2105 5024 2204 5087; x_wconf 75' lang='lat' dir='ltr'>nergu.</span> <span class='ocrx_word' id='word_1_604' title='bbox 2218 5024 2261 5071; x_wconf 76' lang='lat' dir='ltr'>A.</span> 
     </span>
    </p>
   </div>
   <div class='ocr_carea' id='block_1_35' title="bbox 1299 5111 2259 5303">
    <p class='ocr_par' dir='ltr' id='par_1_39' title="bbox 1299 5111 2259 5303">
     <span class='ocr_line' id='line_1_91' title="bbox 1299 5111 2259 5190; baseline -0.011 -22"><span class='ocrx_word' id='word_1_605' title='bbox 1299 5116 1348 5180; x_wconf 76' lang='lat'>88)</span> <span class='ocrx_word' id='word_1_606' title='bbox 1367 5114 1528 5180; x_wconf 81' lang='lat' dir='ltr'>Priusquam</span> <span class='ocrx_word' id='word_1_607' title='bbox 1546 5118 1606 5180; x_wconf 83' lang='lat' dir='ltr'>lpse</span> <span class='ocrx_word' id='word_1_608' title='bbox 1623 5120 1687 5166; x_wconf 84' lang='lat' dir='ltr'>niet.</span> <span class='ocrx_word' id='word_1_609' title='bbox 1706 5116 1796 5174; x_wconf 75' lang='lat' dir='ltr'>inim]</span> <span class='ocrx_word' id='word_1_610' title='bbox 1816 5118 1882 5167; x_wconf 85' lang='lat' dir='ltr'>baec</span> <span class='ocrx_word' id='word_1_611' title='bbox 1907 5119 2026 5167; x_wconf 69' lang='lat' dir='ltr'>vertrae</span> <span class='ocrx_word' id='word_1_612' title='bbox 2050 5125 2093 5162; x_wconf 84' lang='lat' dir='ltr'>vs.</span> <span class='ocrx_word' id='word_1_613' title='bbox 2109 5111 2183 5159; x_wconf 77' lang='lat'>1015.</span> <span class='ocrx_word' id='word_1_614' title='bbox 2206 5111 2259 5190; x_wconf 73' lang='lat' dir='ltr'>boc</span> 
     </span>
     <span class='ocr_line' id='line_1_92' title="bbox 1332 5182 2259 5303; baseline -0.013 -67"><span class='ocrx_word' id='word_1_615' title='bbox 1332 5189 1360 5303; x_wconf 56' lang='lat' dir='ltr'>ip</span> <span class='ocrx_word' id='word_1_616' title='bbox 1373 5186 1526 5303; x_wconf 45' lang='lat' dir='ltr'>tuileiebritla</span> <span class='ocrx_word' id='word_1_617' title='bbox 1538 5186 1709 5303; x_wconf 48' lang='lat' dir='ltr'>tsrlplptsposita</span> <span class='ocrx_word' id='word_1_618' title='bbox 1726 5187 1801 5234; x_wconf 83' lang='lat' dir='ltr'>intra</span> <span class='ocrx_word' id='word_1_619' title='bbox 1819 5187 1958 5236; x_wconf 82' lang='lat' dir='ltr'>cancellos</span> <span class='ocrx_word' id='word_1_620' title='bbox 1984 5182 2099 5244; x_wconf 88' lang='lat' dir='ltr'>inclusi,</span> <span class='ocrx_word' id='word_1_621' title='bbox 2131 5187 2259 5240; x_wconf 76' lang='lat' dir='ltr'>quonian</span> 
     </span>
    </p>
   </div>
   <div class='ocr_carea' id='block_1_36' title="bbox 1298 5327 2259 5399">
    <p class='ocr_par' dir='ltr' id='par_1_40' title="bbox 1298 5327 2259 5399">
     <span class='ocr_line' id='line_1_93' title="bbox 1298 5327 2259 5399; baseline -0.02 -6"><span class='ocrx_word' id='word_1_622' title='bbox 1298 5340 1348 5399; x_wconf 76' lang='grc'>87)</span> <span class='ocrx_word' id='word_1_623' title='bbox 1365 5339 1502 5390; x_wconf 78' lang='lat' dir='ltr'>totannea</span> <span class='ocrx_word' id='word_1_624' title='bbox 1521 5341 1680 5391; x_wconf 78' lang='lat' dir='ltr'>ll&#39;ridericns</span> <span class='ocrx_word' id='word_1_625' title='bbox 1700 5341 1815 5390; x_wconf 74' lang='lat' dir='ltr'>Elector</span> <span class='ocrx_word' id='word_1_626' title='bbox 1833 5339 1934 5386; x_wconf 71' lang='lat' dir='ltr'>laxari.</span> <span class='ocrx_word' id='word_1_627' title='bbox 1960 5337 1987 5384; x_wconf 89' lang='lat' dir='ltr'>ln</span> <span class='ocrx_word' id='word_1_628' title='bbox 2007 5344 2097 5397; x_wconf 74' lang='lat' dir='ltr'>pugna</span> <span class='ocrx_word' id='word_1_629' title='bbox 2114 5331 2150 5379; x_wconf 78' lang='lat' dir='ltr'>ad</span> <span class='ocrx_word' id='word_1_630' title='bbox 2167 5327 2259 5377; x_wconf 73' lang='lat' dir='ltr'>Mutt-</span> 
     </span>
    </p>
   </div>
   <div class='ocr_carea' id='block_1_37' title="bbox 251 5397 2290 5481">
    <p class='ocr_par' dir='ltr' id='par_1_41' title="bbox 251 5397 2290 5481">
     <span class='ocr_line' id='line_1_94' title="bbox 251 5397 2290 5481; baseline -0.011 -14"><span class='ocrx_word' id='word_1_631' title='bbox 251 5413 302 5481; x_wconf 73' lang='grc'>83)</span> <span class='ocrx_word' id='word_1_632' title='bbox 321 5412 401 5481; x_wconf 87' lang='lat' dir='ltr'>rrntl]</span> <span class='ocrx_word' id='word_1_633' title='bbox 420 5413 461 5464; x_wconf 83' lang='lat' dir='ltr'>stc</span> <span class='ocrx_word' id='word_1_634' title='bbox 478 5414 577 5476; x_wconf 78' lang='lat' dir='ltr'>acrlpst</span> <span class='ocrx_word' id='word_1_635' title='bbox 596 5413 644 5479; x_wconf 89' lang='lat'>(=</span> <span class='ocrx_word' id='word_1_636' title='bbox 661 5416 780 5479; x_wconf 71' lang='lat' dir='ltr'>rneogrr.</span> <span class='ocrx_word' id='word_1_637' title='bbox 799 5407 941 5480; x_wconf 70' lang='grc' dir='ltr'>ἡμίονοι),</span> <span class='ocrx_word' id='word_1_638' title='bbox 961 5411 1011 5462; x_wconf 75' lang='lat' dir='ltr'>Ed.</span> <span class='ocrx_word' id='word_1_639' title='bbox 1031 5410 1107 5460; x_wconf 75' lang='grc'>1600.</span> <span class='ocrx_word' id='word_1_640' title='bbox 1126 5411 1213 5461; x_wconf 78' lang='lat' dir='ltr'>nate:</span> <span class='ocrx_word' id='word_1_641' title='bbox 1234 5410 1238 5478; x_wconf 73' lang='lat' dir='ltr'>l</span> <span class='ocrx_word' id='word_1_642' title='bbox 1335 5409 1456 5473; x_wconf 69' lang='lat' dir='ltr'>bargina·</span> <span class='ocrx_word' id='word_1_643' title='bbox 1479 5408 1522 5461; x_wconf 74' lang='lat'>2⁴.</span> <span class='ocrx_word' id='word_1_644' title='bbox 1534 5409 1624 5471; x_wconf 79' lang='lat' dir='ltr'>April.</span> <span class='ocrx_word' id='word_1_645' title='bbox 1650 5409 1726 5461; x_wconf 78' lang='lat' dir='ltr'>tw.</span> <span class='ocrx_word' id='word_1_646' title='bbox 1751 5418 1769 5457; x_wconf 81' lang='lat' dir='ltr'>a</span> <span class='ocrx_word' id='word_1_647' title='bbox 1792 5407 1894 5457; x_wconf 81' lang='lat' dir='ltr'>carolo</span> <span class='ocrx_word' id='word_1_648' title='bbox 1917 5405 1950 5455; x_wconf 82' lang='lat' dir='ltr'>V.</span> <span class='ocrx_word' id='word_1_649' title='bbox 1977 5404 2146 5465; x_wconf 80' lang='lat' dir='ltr'>tmperatore</span> <span class='ocrx_word' id='word_1_650' title='bbox 2169 5397 2290 5463; x_wconf 61' lang='lat' dir='ltr'>vtetur..</span> 
     </span>
    </p>
   </div>
   <div class='ocr_carea' id='block_1_38' title="bbox 287 5485 504 5536">
    <p class='ocr_par' dir='ltr' id='par_1_42' title="bbox 287 5485 504 5536">
     <span class='ocr_line' id='line_1_95' title="bbox 287 5485 504 5536; baseline -0.014 0"><span class='ocrx_word' id='word_1_651' title='bbox 287 5485 385 5536; x_wconf 77' lang='lat' dir='ltr'>inulto.</span> <span class='ocrx_word' id='word_1_652' title='bbox 496 5505 504 5514; x_wconf 90' lang='lat'><em>·</em></span> 
     </span>
    </p>
   </div>
   <div class='ocr_carea' id='block_1_39' title="bbox 1334 5480 1494 5541">
    <p class='ocr_par' dir='ltr' id='par_1_43' title="bbox 1334 5480 1494 5541">
     <span class='ocr_line' id='line_1_96' title="bbox 1334 5480 1494 5541; baseline -0.019 -14"><span class='ocrx_word' id='word_1_653' title='bbox 1334 5480 1494 5541; x_wconf 79' lang='lat' dir='ltr'>captusque.</span> 
     </span>
    </p>
   </div>
   <div class='ocr_carea' id='block_1_40' title="bbox 0 0 2413 6240">
    <p class='ocr_par' dir='ltr' id='par_1_44' title="bbox 0 0 2413 6240">
     <span class='ocr_line' id='line_1_97' title="bbox 0 0 2413 6240; baseline 0 0"><span class='ocrx_word' id='word_1_654' title='bbox 0 0 2413 6240; x_wconf 95' lang='lat' dir='ltr'> </span> 
     </span>
    </p>
   </div>
  </div>
 </body>
</html>
