4784 6256
172 336 249 409 688

173 506 280 599 Quod
312 524 396 570 sane
422 497 566 564 tertium
592 486 798 559 comoediae
822 508 932 576 genus
955 481 1021 550 fuit
1048 503 1066 545 a
1093 477 1169 545 Me-

175 609 315 675 nandro
334 615 368 669 et
387 596 600 667 Philemone
619 592 848 670 celebratum,
871 585 932 677 qni
949 605 1092 651 omnem
1112 604 1170 646 co-

159 724 163 739 ¹
177 707 340 778 moediae
354 701 583 767 acerbitatem
602 694 874 783 mitigaverunt,
908 712 926 753 a
951 685 1080 777 quibus
1095 682 1170 750 Ro-

140 868 143 874 ,
176 833 303 880 manos
318 827 399 872 suas
413 801 551 867 fabulas
572 793 793 865 transtulisse
818 785 1045 881 perhibetur,
1072 785 1169 873 apud

177 936 266 1005 quos
290 905 428 995 primus
448 900 573 966 Livius
597 896 825 964 Andronicus
848 890 979 957 Latino
1004 909 1169 956 sermone

177 1006 401 1079 comoediam
423 1000 582 1091 scripsit,
618 998 731 1066 excito
757 992 981 1063 exHetruria
1010 989 1169 1069 ludione,

177 1111 238 1205 qui
263 1108 384 1175 Hister
410 1103 626 1183 vocabatur,
668 1125 688 1166 a
723 1123 794 1190 quo
824 1092 1007 1163 histrionis
1035 1112 1169 1158 nomen

178 1206 372 1281 emanavit.

476 1370 537 1437 De
566 1367 873 1459 proprietate.

282 1506 500 1580 Comoediae
517 1501 705 1595 proprium
721 1500 828 1570 fuisse
843 1498 1002 1568 scribunt
1022 1497 1169 1597 quidam

179 1612 332 1704 vinginti
348 1621 504 1703 quatuor
522 1601 691 1674 adbibere
715 1604 922 1683 saltatores,
958 1614 994 1669 et
1015 1601 1170 1695 qnadra-

180 1734 256 1788 tum
282 1711 450 1790 chorum;
484 1720 668 1800 praeterea
686 1703 846 1774 convicia
869 1705 1076 1795 dicacesqne
1098 1726 1170 1770 ser-

180 1842 305 1890 mones
322 1815 518 1885 continere.
569 1808 659 1878 lllud
677 1832 820 1902 qnoque
842 1806 990 1874 minime
1013 1817 1170 1895 praeter-

181 1923 359 1999 eundum,
382 1917 479 2009 quod
497 1912 644 1993 comici,
671 1909 815 2002 satyrici
838 1920 873 1977 et
900 1907 1024 1998 tragici
1045 1930 1170 1975 omnes

181 2049 255 2094 uno
277 2019 423 2089 nomine
447 2015 574 2084 comici
599 2013 768 2104 appellati
795 2022 896 2092 sunt,
931 2009 1103 2102 quoniam
1128 2033 1170 2076 ex

181 2125 267 2194 vicis
283 2124 321 2190 in
336 2122 461 2190 urbem
479 2116 683 2206 eruperint,
717 2113 779 2206 qni
806 2110 861 2181 his
884 2113 1013 2181 dedere
1037 2111 1170 2202 prinei·

181 2229 293 2320 pium.
344 2222 436 2290 Exin
453 2219 640 2288 distributa
658 2214 888 2285 scribentium
912 2216 1004 2282 ratio
1027 2226 1098 2297 est,
1131 2225 1171 2281 ut

182 2328 310 2398 comici
325 2347 445 2393 servos
463 2334 497 2389 et
519 2317 691 2400 humiles,
726 2318 870 2409 satyrici
894 2318 1063 2398 rusticos,
1099 2327 1171 2382 tra-

182 2431 250 2523 gici
276 2427 402 2495 divites
427 2437 463 2492 et
481 2447 580 2512 reges
605 2420 856 2489 describerent.
922 2418 973 2484 Ac
998 2419 1091 2503 sicut
1112 2441 1170 2484 co-

180 2531 322 2601 moedia
340 2552 360 2595 a
378 2526 462 2595 vicis
490 2538 552 2592 aut
573 2547 592 2591 a
617 2545 745 2591 somno
770 2522 882 2598 dicta;
916 2520 1099 2609 tragoedia
1125 2520 1170 2586 ab

184 2631 286 2704 hirco
304 2642 365 2700 aut
382 2630 527 2696 alaece:
554 2626 602 2692 ita
621 2637 738 2716 satyra
758 2648 776 2690 a
793 2621 933 2715 satyris,
946 2619 1015 2690 hoc
1031 2633 1094 2703 est,
1111 2646 1170 2690 ru-

182 2736 297 2817 sticis,
334 2731 442 2800 illotis
459 2742 493 2797 et
507 2728 748 2817 petulantibus
767 2738 819 2795 est
834 2726 1032 2815 appellata,
1066 2724 1121 2791 vel
1149 2746 1169 2790 a

182 2852 299 2929 satyra
325 2835 445 2915 lance,
479 2855 571 2924 qnae
594 2831 723 2898 referta
750 2828 859 2896 variis
882 2825 1073 2919 multisque
1096 2825 1171 2916 pri-

182 2939 311 3019 mitiis,
347 2937 383 3003 in
407 2934 515 3006 sacris
537 2933 769 3001 inserebatur.
836 2930 1045 3000 Notandum
1069 2928 1170 3011 illud,

182 3043 280 3135 qnod
293 3040 331 3105 in
347 3035 532 3106 comoedia
547 3059 687 3103 amores
701 3035 775 3101 fere
789 3044 823 3101 et
835 3034 1014 3123 virginum
1030 3042 1170 3121 raptus;

181 3145 220 3210 in
242 3137 425 3227 tragoedia
451 3137 584 3217 luctus,
627 3136 751 3216 exilia,
792 3135 916 3202 caedes
937 3135 1170 3200 introducun-

182 3256 257 3317 tur;
290 3240 327 3305 in
350 3237 534 3306 comoedia
556 3259 669 3324 paene
692 3257 833 3323 semper
854 3235 967 3302 exitus
990 3233 1092 3312 laeti;
1132 3235 1171 3300 in

182 3338 365 3429 tragoedia
391 3337 528 3414 tristes,
562 3348 596 3403 et
620 3336 836 3415 liberorum,
870 3337 1170 3427 fortunarumque

182 3446 345 3536 priorum
362 3440 482 3530 impar
497 3436 645 3527 agnitio.

516 3606 583 3676 De
624 3629 836 3697 genere.

285 3746 424 3838 Duplex
450 3757 501 3815 est
523 3742 729 3812 cornoediae
754 3766 882 3830 genus;
923 3764 1006 3807 nam
1029 3764 1170 3810 comoe-

182 3853 323 3917 diarum
347 3849 416 3914 alia
444 3847 611 3935 palliata,
647 3854 764 3934 togata
789 3843 869 3910 alia.
937 3842 1087 3910 Palliata
1112 3867 1170 3911 co-

184 3949 324 4015 moedia
344 3961 414 4026 est,
442 3967 534 4034 quae
551 3945 744 4009 secundum
766 3941 855 4009 ritus
876 3953 910 4007 et
931 3939 1074 4014 habitus
1093 3946 1170 4035 pal-

182 4050 371 4126 liatorum,
398 4044 433 4108 id
452 4054 521 4123 est,
549 4043 769 4110 Graecorum
790 4040 890 4132 (nam
909 4044 1038 4112 Graeci
1061 4071 1168 4136 snpra

183 4148 340 4219 tunicam
359 4143 509 4236 pallium
525 4143 723 4238 ferebant),
749 4144 912 4227 scenicis,
938 4157 1045 4238 atque
1059 4147 1169 4217 Grae-

184 4253 232 4321 cis
248 4245 464 4338 argumentis
481 4242 643 4316 habitum
658 4245 849 4337 palliorum
868 4247 1057 4329 desiderat,
1078 4275 1169 4342 quae

183 4354 339 4442 primum
368 4376 387 4419 a
410 4350 557 4418 Graecis
582 4349 620 4417 in
636 4347 804 4418 Latinum
828 4374 929 4420 versa
954 4362 1005 4420 est
1030 4349 1168 4422 aLivio

182 4442 409 4534 Andronico,
436 4478 541 4545 quem
561 4452 663 4521 multi
681 4453 810 4522 deinde
830 4466 913 4523 sunt
931 4453 1053 4537 secuti,
1080 4455 1169 4525 Cae-

184 4555 283 4625 cilius
316 4556 466 4635 scilicet,
510 4554 678 4638 Plautus,
718 4555 927 4637 Terentius,
970 4556 1168 4648 Turpilius,

183 4657 323 4726 Trabea
357 4672 390 4726 et
424 4658 543 4748 plures
576 4657 648 4726 alii.
707 4657 942 4727 Palliatarum
965 4658 1168 4729 fabularum

182 4783 311 4849 genera
328 4771 483 4852 quatuor
500 4758 664 4829 existunt.
716 4759 931 4851 Tragicum‚
950 4760 1085 4854 inquo
1107 4758 1168 4833 he-

182 4885 262 4930 roes
286 4876 320 4930 et
344 4886 444 4953 reges
466 4862 796 4931 introducebantur.
850 4861 1034 4930 Comicum
1056 4865 1168 4934 Grae·

92 4984 96 4992 ’
182 4986 242 5033 cos
257 4966 346 5034 ritus
363 4977 397 5033 et
413 4965 568 5034 Graecas
587 4964 809 5056 exprimebat
823 4988 1003 5055 personas.
1055 4964 1096 5036 ln
1113 4992 1168 5038 sa-

182 5067 296 5156 tyrico
314 5069 386 5135 lere
406 5067 616 5159 Satyrorum
633 5088 828 5156 personae,
863 5079 897 5134 et
915 5066 1085 5137 ridiculae
1103 5071 1166 5139 Sa-

181 5168 270 5261 tyris
297 5169 428 5239 similes
460 5169 607 5239 ludendi
630 5167 970 5259 iocandique'causa
993 5169 1167 5241 inducun-

182 5283 260 5351 tur,
288 5285 325 5339 ut
342 5283 521 5362 spectator
537 5271 630 5338 inter
644 5270 796 5359 tragicas
813 5271 993 5362 seriasque
1021 5274 1108 5344 iocis
1132 5288 1167 5344 et

179 5371 314 5442 bisibus
327 5375 575 5441 delectaretur.
630 5371 775 5439 Mimica
792 5396 878 5441 vero
894 5373 1013 5442 fabula
1030 5390 1081 5447 est
1094 5401 1167 5447 ser·

751 311 873 385 PlllL.
909 310 1020 380 MEL.
1056 303 1259 379 SCRIPTA
1290 297 1625 372 PHILOLOGICA.

1931 259 1941 291 Ι

2013 400 2017 409 Ι
2092 254 2217 376 ⁴aas

1221 488 1300 567 gata
1324 472 1509 543 comoedia
1528 485 1599 555 est,
1626 494 1717 564 quae
1740 470 1936 538 secundum
1951 469 2042 538 ritus
2061 483 2098 538 et
2112 467 2216 543 hahi-

1211 593 1277 648 -tus
1292 588 1517 666 togatorum,
1550 575 1585 641 id
1611 586 1683 655 est,
1711 571 1959 639 Romanorum
1985 573 2123 664 scripta
2154 591 2214 660 est,

1220 681 1367 750 scenicis
1389 690 1495 770 atque
1510 676 1648 744 Latinis
1676 673 1894 764 argumentis
1916 687 2086 763 togarum
2112 674 2216 748 habi.

1222 797 1297 851 tum
1316 781 1528 872 exprimens.

1322 900 1542 990 Togatarum
1559 896 1761 964 fabularum
1778 893 1910 985 species
1931 906 2015 962 sunt
2031 897 2212 988 [quatuor.

1220 1002 1313 1074 Nam
1338 1003 1429 1069 aliae
1446 1011 1706 1099 praetextatae,
1735 997 1921 1089 §quibus
1945 996 2209 1087 imperatorum

1220 1104 1362 1194 negotia
1381 1105 1595 1192 agebantur,
1623 1100 1737 1168 dictae
1755 1122 1774 1167 a
1794 1111 1997 1189 praetexta,
2024 1125 2096 1192 qua
2111 1127 2211 1193 reges

1221 1208 1277 1274 vel
1301 1203 1679 1296 matgistratusllomae
1704 1203 1908 1271 utebantur.
1962 1201 2210 1277 Tabernariae

1221 1306 1421 1379 humilitate
1446 1329 1680 1398 personarum
1706 1318 1740 1372 et
1765 1316 2059 1395 argumentorum
2080 1308 2211 1377 ''simili-

1221 1413 1364 1493 tudine‚
1391 1409 1584 1477 comoediis
1601 1432 1704 1498 pares
1722 1408 1906 1488 dicuntur,
1934 1407 2118 1501 inquibus
2135 1437 2209 1480 non

1221 1515 1468 1603 magistratus,
1494 1535 1682 1603 regesque,
1718 1512 1778 1580 sed
1802 1505 1955 1579 humiles
1983 1504 2149 1584 homines
2174 1528 2209 1582 et

1221 1618 1382 1706 privatae
1397 1617 1525 1683 domus
1540 1614 1778 1695 inducuntur,
1804 1636 1914 1704 quae,
1939 1616 2038 1704 quod
2049 1614 2143 1721 phu
2160 1631 2213 1687 ta-

1220 1719 1313 1789 bulis
1331 1729 1547 1807 tegerentur,
1569 1715 1808 1784 communiter
1821 1716 2045 1784 tabernariae
2063 1720 2211 1791 &atae

1221 1832 1315 1891 sunt.
1375 1820 1558 1888 Atellanae
1584 1842 1604 1885 a
1628 1819 1769 1885 civitate
1793 1816 1965 1887 Oscorum
1988 1820 2127 1905 Atella,
2172 1822 2212 1889 in

1222 1948 1292 2016 qua
1308 1923 1467 2012 primum
1485 1934 1692 2012 coeperunt,
1719 1933 1802 1990 sunt
1817 1920 2076 2003 denominatae,
2103 1923 2211 1990 simi:

1221 2027 1272 2094 les
1289 2025 1451 2116 satyricis
1469 2036 1502 2092 et
1517 2025 1660 2094 Graecis
1674 2023 1813 2091 fabulis.
1853 2020 2061 2110 Planipedes
2070 2023 2208 2092 Graeci

1222 2128 1390 2196 dicuntur
1407 2128 1527 2208 mimi,
1554 2127 1635 2194 ideo
1655 2124 1826 2194 aLatinis
1847 2123 2072 2214 planipedes,
2108 2128 2210 2219 quod

1222 2240 1359 2298 arto'res
1378 2229 1493 2319 planis
1509 2225 1679 2320 pedihus,
1707 2229 1742 2296 id
1766 2241 1835 2308 est,
1862 2227 1965 2295 nudis
1982 2230 2209 2318 proscenium

1221 2330 1432 2414 introirent,
1459 2356 1553 2413 non,
1580 2345 1619 2399 ut
1634 2331 1759 2421 tragici
1780 2343 1936 2410 actores,
1963 2353 2041 2397 cnm
2066 2327 2210 2400 cothur-

1221 2435 1294 2515 nis,
1320 2458 1436 2527 neque
1453 2447 1492 2501 ut
1509 2434 1637 2502 comici
1656 2458 1735 2502 curn
1752 2433 1863 2501 soccis
1880 2432 1966 2501 olim
1981 2432 2020 2498 in
2044 2446 2212 2524 suggestu

1221 2560 1366 2619 scenae,
1410 2538 1470 2604 sed
1499 2538 1537 2603 in
1565 2536 1673 2626 plano
1707 2531 1910 2605 orchestrae
1934 2535 2059 2625 positis
2081 2537 2211 2607 instru-

1223 2639 1351 2708 mentis
1370 2637 1521 2708 mimicis
1536 2639 1699 2729 agebant.

1547 2828 1607 2898 De
1639 2831 1877 2924 qualitate.

1325 2964 1517 3055 Comoedia
1553 2979 1615 3035 aut
1644 2965 1794 3035 motoria
1828 2976 1897 3045 est,
1939 2963 2068 3046 idest,
2112 2990 2215 3058 quae

1222 3089 1279 3134 res
1296 3067 1518 3137 turbulentas
1533 3068 1685 3150 inducit,
1717 3079 1757 3136 ut
1780 3061 2015 3155 Amphitruo;
2051 3079 2118 3134 aut
2142 3081 2214 3137 sta·

1223 3167 1333 3249 taria,
1360 3164 1428 3238 hoc
1444 3181 1515 3251 est,
1550 3194 1715 3263 quaeres
1739 3167 1900 3237 continet
1920 3167 2141 3260 quietiores,
2174 3182 2212 3238 ut

1223 3268 1440 3354 Cistellaria,
1490 3271 1935 3348 Heautontimorumenos;
1987 3283 2052 3338 aut
2086 3272 2211 3352 mixta,

1223 3396 1315 3462 quae
1330 3398 1373 3441 ex
1391 3387 1544 3466 utroque
1569 3388 1649 3444 actu
1673 3374 1850 3454 consistit,
1880 3382 1919 3440 ut
1943 3372 2100 3456 Andria,
2136 3372 2211 3442 Eu·

1223 3470 1378 3558 anchus,
1404 3473 1578 3567 Adelphi,
1603 3477 1739 3569 Hecyra
1759 3489 1792 3546 et
1808 3473 1993 3544 Phormio.

1504 3660 1564 3729 De
1596 3663 1923 3753 appellatione.

1326 3790 1512 3862 Caeterum
1531 3797 1715 3864 comoedia
1733 3809 1795 3865 aut
1812 3796 1855 3863 ab
1882 3793 2030 3878 alicuius
2056 3791 2207 3860 nomine

1221 3915 1395 3982 personae
1413 3898 1691 3986 appellationem
1707 3898 1833 3980 sumit,
1860 3910 1900 3965 ut
1917 3892 2114 3974 Phormio;
2150 3907 2209 3964 aut

1221 4018 1240 4060 a
1259 3994 1360 4077 loco,
1387 4010 1426 4064 ut
1440 4000 1594 4079 Andria;
1623 4015 1717 4070 anta
1735 4002 1849 4080 facto,
1875 3997 2112 4081 utAsinaria,
2139 3996 2206 4066 Eu-

1220 4092 1377 4175 nuchus;
1413 4114 1480 4172 aut
1491 4103 1533 4168 ab
1559 4117 1708 4186 eventu,
1735 4101 2207 4197 ut⁹)Heautontimorume-

1219 4221 1286 4269 nos
1303 4213 1337 4267 et
1352 4200 1647 4274 Commorientes.
1703 4237 1706 4244 ’

1552 4389 1613 4457 De
1640 4389 1869 4458 membris.

1322 4521 1408 4590 Tria
1441 4538 1524 4593 sunt
1557 4527 1823 4596 comoediarum
1856 4525 2041 4604 membra,
2092 4522 2204 4590 diver-

1219 4623 1339 4706 bium,
1366 4627 1564 4710 canticum,
1590 4625 1731 4699 chorus.
1784 4627 1955 4696 Diverbia
1978 4638 2066 4696 sunt
2089 4635 2203 4717 partes

1220 4724 1506 4813 comoediarum,
1546 4733 1584 4797 in
1612 4732 1741 4824 quibus
1772 4731 1997 4799 diversorum
2030 4747 2206 4820 personae

1218 4841 1417 4898 versantur.
1445 4831 1624 4901 Personae
1641 4847 1758 4902 autem
1775 4832 2020 4902 diverbiornm
2039 4842 2107 4898 aut
2119 4831 2205 4896 duae

1219 4943 1295 5000 aut*
1308 4943 1399 5013 tres,
1441 4946 1503 5002 aut
1526 4959 1608 5003 raro
1635 4946 1790 5029 quatuor
1815 4959 1889 5005 esse
1918 4934 2071 5011 debent;
2115 4932 2205 5000 ultra

1218 5055 1347 5122 augere
1364 5058 1552 5105 numerum
1571 5040 1751 5108 nonlicet.
1779 5037 1818 5106 ln
1833 5035 1977 5105 canticis
1997 5058 2112 5103 unam
2129 5047 2207 5101 tan-

1218 5147 1293 5203 tum
1309 5160 1382 5205 esse
1399 5153 1542 5228 oportet
1559 5165 1770 5231 personam,
1797 5154 1878 5221 ant,
1905 5140 1933 5208 si
1948 5140 2042 5206 duae
2059 5136 2205 5213 suerint,

1217 5236 1267 5304 ita
1291 5240 1420 5307 debent
1444 5266 1534 5325 esse,
1576 5256 1615 5312 ut
1638 5268 1680 5311 ex
1705 5246 1842 5312 occulto
1868 5264 1940 5311 una
1960 5241 2112 5324 audiat,
2146 5258 2208 5307 nec

1218 5412 1422 5427 -,......--

181 5475 298 5542 monis
319 5473 505 5542 cuiuslibet
527 5486 665 5555 motus,
707 5475 783 5543 sine
815 5477 1027 5547 reverentia.
1094 5466 1195 5576 Tol
1251 5504 1343 5575 asur]
1365 5509 1416 5560 hoe
1434 5508 1662 5573 ipsemecum
1688 5509 1717 5559 tn
1736 5509 1786 5561 tet.
1803 5509 1880 5561 teta.
1900 5507 1986 5558 aaut.
