4778 6240
23 378 26 385 ¹
82 224 158 365 ωε
464 283 652 353 rxxvnr.
706 222 998 352 mercurio
1023 272 1407 351 snurrurnuuu
1434 274 1739 351 rneoonmrs.
2047 282 2123 357 roo

185 457 247 527 Vs.
275 453 362 528 396.
412 449 582 550 innata,]
618 474 653 527 tt
689 452 728 546 tlt
754 470 815 528 tut
840 449 925 551 sidu
947 464 1007 548 gut
1031 474 1085 550 ges
1136 445 1226 522 nihil
1252 451 1323 524 nisi
1342 449 1465 523 odium
1491 475 1683 548 quaerere,
1708 451 1747 519 in
1768 449 2131 544 praelationelugur·

84 562 202 657 melan,
1136 551 1229 624 thini
1251 555 1401 649 helli¹⁸).
1436 556 1532 647 Ergo
1550 553 1714 648 Apostoli
1730 564 1814 625 sunt
1829 555 2021 628 dementes.
2055 556 2130 628 Re·
2241 595 2247 603 ·

190 661 252 732 Vs.
271 656 358 729 897.
409 657 506 745 Boni
538 682 640 729 mene
663 681 739 726 non
762 659 923 753 sequitur
947 655 1084 758 mala,]
1136 660 1299 750 sponsio:
1326 658 1409 730 Non
1433 661 1564 728 frustra
1588 659 1772 741 nituntur,
1800 658 1884 751 quia
1910 656 2008 730 Deus
2030 661 2132 731 iuvat

83 769 123 840 id
146 779 217 847 est,
241 785 318 830 nou
330 761 488 831 flectitur
504 762 550 829 ad
575 762 682 831 mala.
1137 784 1261 830 corum
1278 762 1442 847 labores,
1466 773 1507 831 ut
1524 762 1702 855 aliquibus
1715 762 1877 853 prosint,
1901 763 2131 834 etiamsinon

185 864 344 937 vemet.
396 863 493 932 Boni
509 863 578 931 viri
594 876 647 934 est
670 872 767 932 recte
782 863 876 931 ferre
891 862 1082 935 secundam
1136 864 1322 947 omnibus,
1349 878 1383 933 et
1397 861 1531 934 habent
1547 866 1755 935 mandatum
1773 863 1852 934 Dei.
1886 862 2039 935 Vocatio
2054 888 2131 936 non

83 985 120 1044 et
145 973 334 1041 adversam
357 967 554 1036 fortunam.
606 963 682 1034 lam
706 963 869 1058 sequitur
885 964 1082 1057 responsio.
1135 977 1189 1037 est
1207 968 1338 1037 frustra
1362 966 1442 1039 niti.

184 1071 265 1142 Vas.
282 1067 357 1139 599
380 1094 459 1163 sqq.
483 1066 593 1140 XXV.
644 1065 740 1138 Laus
765 1065 921 1137 iustitiae
948 1080 984 1135 et
1005 1092 1084 1137 mo·
1234 1067 1296 1140 Vs.
1318 1065 1406 1145 422.
1458 1068 1573 1137 Multa
1595 1092 1670 1137 non
1693 1071 1860 1138 curanda‘
1884 1093 1992 1141 curae
2011 1066 2129 1171 sunt]

85 1175 235 1248 destiee.
313 1203 317 1210 ·
513 1198 516 1203 ·
1133 1165 1380 1260 Reprehendit
1401 1169 1655 1242 curiositatem.
1697 1171 1862 1264 Apostoli
1891 1197 1965 1242 non
1993 1174 2131 1245 faciunt

187 1275 250 1345 Vs.
272 1273 360 1344 899.
412 1272 579 1341 Verearis
607 1270 763 1353 amicos,
792 1272 906 1363 fugito
946 1270 1082 1341 iniura-
1134 1273 1360 1358 curiositate,
1394 1276 1457 1345 sed
1477 1287 1655 1365 coguntur
1683 1275 1872 1345 vocatione
1900 1288 1934 1345 et
1956 1278 2130 1347 mandato

84 1391 230 1462 menta,
261 1375 419 1468 periuria
429 1370 461 1473 ,]
492 1372 543 1450 bit
569 1371 656 1448 out
678 1370 804 1468 lltcfft,
839 1398 932 1469 quae
963 1374 1083 1466 perdit
1133 1374 1214 1447 Dei.

83 1484 193 1553 viros.
244 1478 445 1548 Revereare
461 1477 553 1546 iram
572 1476 747 1560 Deorum,
769 1482 904 1568 poenas
919 1475 1081 1570 periurii.
1233 1477 1312 1550 Vss.
1328 1475 1402 1551 421
1421 1516 1474 1532 -
1489 1476 1575 1552 424.
1628 1477 1828 1550 Multorum
1846 1476 2036 1551 hominum
2059 1481 2131 1552 lin·

10 1664 16 1684 ι
78 1580 344 1680 Ἐντρέπεσθαι
370 1592 423 1651 εει
444 1578 581 1662 vereri3
617 1581 650 1650 1.
667 1576 831 1652 Corinth.
851 1578 888 1664 4,
913 1576 1010 1677 (14.)
1021 1577 1080 1676 ⁸¹)
1133 1579 1211 1671 guis
1229 1581 1325 1650 fores
1342 1604 1417 1649 nou
1433 1581 1577 1650 obditae
1593 1593 1678 1651 sunt
1694 1583 1965 1667 convenientes,
1988 1596 2023 1652 et
2043 1566 2143 1676 ipsi?

83 1686 219 1759 Paulus
240 1685 354 1755 utitur
369 1680 477 1752 etiam
494 1679 563 1753 hoc
579 1682 702 1754 verbo.
1133 1684 1245 1754 multa
1276 1707 1352 1752 nou
1376 1686 1534 1754 curanda
1561 1708 1668 1753 curae
1699 1697 1794 1755 sunt.
1854 1685 1969 1778 Saepe
1991 1687 2149 1757 malum·

185 1786 263 1858 Vss.
279 1782 497 1859 401-405.
522 1787 606 1860 Non
620 1784 773 1857 nimium
789 1787 946 1858 festines.
971 1783 1082 1855 Tem·
1133 1785 1229 1857 intus
1251 1786 1472 1879 repositum,
1495 1787 1625 1857 melius
1649 1782 1742 1887 est,]
1769 1788 1806 1856 id
1826 1799 1898 1872 est,
1924 1788 2038 1859 multo
2056 1810 2130 1858 me-

82 1890 268 1985 peetivitas
293 1891 332 1958 in
354 1891 522 1962 omuibus
543 1903 596 1961 εει
624 1890 762 1983 optima
788 1889 941 1981 negotiis
963 1884 1082 1958 homi·
1131 1888 1201 1960 lius
1216 1900 1269 1959 εει
1284 1889 1408 1973 taceri,
1432 1890 1568 1959 malum
1584 1892 1674 1960 benc
1688 1890 1873 1960 conditum
1887 1914 1964 1960 non
1981 1912 2132 1961 moven-

82 2016 187 2085 nurn.
244 1991 338 2063 Sane
361 1994 406 2063 ad
434 1995 634 2087 potentiam
656 1995 802 2064 festinet
824 1993 883 2063 vir
906 2016 1081 2088 quaerens
1133 1994 1231 2064 dum.
1290 1991 1372 2068 ibat
1404 1992 1465 2085 lact
1497 1993 1561 2069 ulle
1595 1992 1660 2085 [citt
1693 2003 1784 2070 tttad.
1843 1990 1907 2063 Illa
1936 2005 2129 2086 praecepte

83 2097 243 2181 lucrum,
279 2121 385 2191 quern
405 2097 524 2169 virum
546 2097 749 2189 praesciens
776 2099 890 2167 latum
917 2096 1017 2167 ducit
1042 2095 1081 2164 in
1132 2091 1268 2166 habent
1281 2120 1363 2168 suas
1376 2109 1501 2168 metas.
1533 2096 1678 2167 Bonum
1693 2109 1746 2168 est
1760 2099 2030 2191 proferendum,
2052 2118 2130 2167 non

83 2222 254 2291 magnum
280 2224 440 2271 errorem
464 2214 500 2271 et
522 2201 678 2285 malum,
712 2202 858 2271 etfacit
889 2200 923 2268 ei
952 2198 1081 2283 videri,
1137 2198 1285 2269 malum.

84 2325 176 2397 qnae
203 2315 309 2372 erant
333 2302 451 2386 mala,
476 2305 572 2372 bona
598 2328 685 2375 esse.
1233 2298 1313 2370 Vss.
1329 2297 1407 2375 425
1423 2325 1502 2395 sqq.
1527 2299 1667 2374 XXVII.
1720 2300 1909 2394 Optimum
1926 2325 2003 2371 non
2019 2296 2130 2373 uacci.
2184 2328 2189 2334 ·

184 2404 247 2477 Vs.
264 2403 351 2475 406.
378 2401 568 2499 εὐμαρέως
594 2400 681 2500 eto]
732 2403 847 2495 Quasi
869 2402 982 2471 dieat:
1011 2401 1081 2472 Cu·
1236 2400 1447 2473 Communis
1472 2405 1615 2498 querela
1644 2406 1682 2473 iu
1705 2405 1903 2474 multorum
1933 2403 2073 2497 scriptis
2094 2415 2131 2475 ει

83 2505 217 2599 piditas
241 2518 363 2575 nostra
388 2517 443 2574 est
470 2528 596 2588 causa,
621 2528 698 2574 non
726 2505 853 2574 fatum.
911 2502 996 2575 Non
1029 2514 1084 2577 eu
1133 2523 1239 2593 saepe
1259 2504 1430 2594 repetita,
1456 2530 1547 2595 quae
1572 2507 1748 2597 significat
1762 2506 2047 2596 magnitudinem
2061 2504 2133 2577 ab

89 2607 244 2679 Stoicus.
1133 2603 1308 2674 seriarum
1340 2605 1478 2696 generis
1500 2602 1671 2691 humani,
1705 2632 1796 2701 qnae
1825 2609 1986 2697 prolecto
2011 2605 2132 2675 maior

186 2709 247 2780 Vs.
261 2705 349 2779 407.
401 2708 474 2778 Ubi
490 2708 629 2793 errasti,
655 2722 717 2779 tua
733 2707 860 2778 electio
876 2720 929 2779 est
944 2703 1082 2806 causa]
1134 2718 1206 2790 est,
1240 2729 1348 2802 quam
1374 2706 1524 2805 cogitari
1546 2721 1675 2801 potest.
1737 2708 1901 2779 Socrates
1923 2735 2003 2779 cum
2028 2706 2133 2778 audi·¹

84 2812 189 2884 Paris
216 2823 271 2881 εει
292 2833 397 2887 came
421 2811 635 2882 calamitatis
661 2810 816 2896 Troiae,
854 2834 931 2880 non
955 2812 1082 2881 fatum.
1133 2809 1242 2879 visset
1264 2810 1409 2880 recitari
1429 2809 1567 2904 primos
1592 2836 1715 2882 versus
1730 2812 1767 2879 in
1783 2811 1911 2881 Oreste
1928 2809 2135 2903 Euripidiet'
2202 2878 2206 2885 ,

196 2911 275 2984 Vss.
295 2911 372 2984 409
386 2939 440 3008 sq.
490 2912 641 2985 Nullum
663 2915 850 2984 meliorem
872 2909 1081 2985 thesaurum
1133 2911 1239 2983 Nulla
1263 2913 1447 2984 calamitas
1470 2913 1619 3005 cogitari
1640 2926 1776 3007 potest,
1808 2938 1900 3007 quae
1922 2938 1995 2982 non
2018 2912 2133 3006 pouit

84 3017 266 3110 relinques
288 3017 371 3089 liliis
393 3017 544 3108 pudore.
667 2996 674 3044 ³
1134 3015 1293 3084 accidere
1318 3012 1458 3085 homini
1473 3015 1541 3114 ⁸⁹),
1567 3018 1669 3087 iussit
1685 3017 1948 3111 aliquantulum
1968 3019 2133 3089 resistcre¹

185 3117 246 3190 Vs.
267 3115 356 3191 411.
406 3119 550 3192 Nullius
579 3118 737 3188 malitiae
763 3120 822 3188 vel
847 3119 985 3211 peccati
1015 3113 1083 3186 ho·
1135 3128 1170 3185 ct
1182 3141 1255 3186 nou
1268 3120 1505 3210 pronuntiare
1527 3119 1696 3202 ulterius,
1719 3120 1794 3210 ipse
1810 3118 1907 3189 stetit
1924 3121 2133 3217 cogitabnn7

84 3219 224 3291 minum
248 3222 296 3292 sis
317 3216 476 3319 socius,]
504 3221 542 3290 id
564 3218 636 3307 cst,¹
661 3246 708 3292 ne
723 3221 965 3293 communices
987 3219 1083 3291 vitiis
1134 3221 1220 3304 dus,
1246 3220 1394 3304 tacitus,
1429 3220 1587 3291 intentus
1601 3221 1647 3290 in
1674 3221 1998 3292 considerationem
2024 3223 2162 3294 istarn=

85 3335 288 3415 potentum.
455 3346 457 3350 ·
1134 3324 1179 3391 de
1199 3323 1447 3415 magnitudine
1461 3324 1687 3395 miseriarum
1706 3324 1844 3418 generis
1863 3322 2025 3398 humani.
2060 3324 2132 3395 Sed

188 3425 266 3499 Vss.
283 3425 359 3499 418
374 3451 453 3521 sqq.
479 3423 603 3497 XXVI.
657 3426 711 3497 De
732 3426 913 3499 futilitate.
1128 3449 1202 3496 >nos
1228 3421 1402 3496 habemus
1432 3452 1546 3498 onum
1583 3440 1855 3519 argumentum,
1896 3430 1995 3520 quod
2023 3427 2132 3520 longe

188 3527 348 3601 velit.
368 3526 1084 3628 Bibensuoninebriabor.]3u59qktc⁸⁷),
1135 3528 1247 3597 vincit
1270 3529 1390 3598 omnia
1418 3531 1523 3600 dicta.
1576 3530 1667 3600 Cum
1698 3531 1791 3600 lilius
1813 3529 1881 3598 Dei
1908 3531 1983 3621 ipse
2006 3552 2131 3620 passos

84 3628 124 3699 id
144 3643 216 3716 εει,
242 3632 437 3725 viuipotio
454 3634 610 3723 largior,
636 3625 830 3732 εθῶραξ,
857 3633 941 3728 quia
962 3644 1084 3724 pectus
1135 3630 1182 3701 sit
1211 3655 1358 3714 necem,
1398 3644 1434 3701 et
1463 3635 1576 3702 sactus
1605 3633 1651 3704 sit
1680 3632 1876 3715 mediator,
1915 3656 2058 3702 necesse
2079 3644 2131 3700 εει

55 3734 273 3816 :turbatum
306 3735 452 3825 spiritus
480 3737 771 3820 inflammantur,
802 3735 962 3808 actiones
992 3735 1086 3817 firme
1136 3757 1305 3826 magnum
1332 3735 1468 3805 nralum
1492 3759 1587 3818 esse,
1619 3760 1738 3830 aquo
1762 3733 1905 3804 liberati
1928 3759 2069 3815 sumus,
2096 3745 2132 3803 et

15 3882 18 3887 ·
84 3833 273 3914 turbidam
306 3836 368 3902 alii
388 3838 526 3908 ducunt
550 3862 571 3906 a
593 3839 820 3935 doipocffl'),
852 3839 891 3909 id
922 3849 994 3921 εει,
1017 3858 1087 3930 μιν
1137 3849 1189 3907 εει
1211 3837 1460 3931 nobismagua
1480 3839 1691 3909 consolatio.

85 3935 222 4006 culum·
1235 3939 1346 4012 Estne
1360 3943 1493 4012 dictum
1514 3943 1552 4010 in
1568 3940 1723 4011 Ecclesia
1747 3939 1992 4031 probandum:
2027 3933 2134 4028 Opti·

190 4035 269 4107 Vas.
286 4033 514 4111 415-416.
561 4038 687 4134 Neque
702 4041 826 4110 vinum
841 4066 900 4110 me
922 4043 1086 4125 adducet,
1137 4067 1237 4112 mum
1270 4067 1347 4113 non
1376 4044 1501 4116 nasci?
1552 4044 1658 4130 Non,
1685 4044 1768 4139 quia
1795 4044 1928 4111 dictum
1956 4053 2025 4110 cst:
2062 4037 2130 4107 Hic

85 4151 128 4212 ιιι
149 4139 266 4208 dicam
292 4152 396 4209 atrox
415 4142 565 4211 verbum
588 4145 631 4213 de
654 4155 700 4214 ιε.
752 4139 851 4214 Nihil
870 4168 1015 4235 possum
1031 4144 1086 4213 in·
1137 4157 1191 4215 est
1211 4145 1305 4215 filim
1335 4171 1436 4216 meus
1465 4147 1612 4216 dilectus
1643 4145 1780 4238 etc.⁴⁹).
1832 4145 1988 4235 Propter
2017 4142 2132 4212 lilium

85 4244 211 4313 venire
234 4241 351 4313 simile
372 4266 567 4337 quaerens,
593 4258 633 4316 ut
656 4246 792 4316 socium
814 4246 969 4315 fidelem.
1138 4260 1252 4316 totum
1285 4270 1396 4337 genus
1424 4245 1622 4317 humanum
1655 4248 1782 4315 melius
1815 4259 1867 4314 est
1898 4270 1971 4315 esse
1992 4258 2133 4315 natum.

187 4344 250 4418 Vs.
273 4342 360 4418 417.
412 4334 630 4419 Valens⁰ad
660 4347 1004 4442 lapidemLydium
1039 4349 1086 4418 ad
1137 4349 1306 4418 Peterin
1330 4349 1487 4419 illolilio
1513 4348 1725 4443 acquiescit,
1759 4348 1796 4415 in
1819 4349 1885 4419 ista
1914 4361 2042 4418 natura
2066 4342 2134 4416 ho·

83 4448 340 4542 probationem
375 4447 545 4549 atteror.]
595 4444 773 4534 Βάσανος
803 4448 979 4545 dignificat
1000 4475 1087 4544 pro·
1138 4475 1268 4535 mana,
1292 4453 1497 4523 nonvoluit
1521 4452 1628 4521 aliam
1647 4464 1848 4521 ereaturam
1864 4446 1997 4522 crear'e.
2037 4450 2135 4519 Cou-¹

84 4552 272 4623 bationem
298 4564 333 4621 et
358 4552 474 4645 ipsum
499 4554 669 4646 lapidem.
1138 4553 1229 4624 didit
1254 4550 1414 4639 coelum,
1441 4557 1607 4649 angelos,
1640 4557 1803 4625 nondum
1825 4555 1911 4626 satis
1936 4566 2007 4633 est;
2048 4573 2135 4621 eon·

188 4654 250 4726 Vs.
268 4653 357 4729 418.
408 4653 623 4756 Superior,]
650 4658 776 4740 idest,
801 4657 952 4729 cautior.
1138 4655 1230 4727 didit
1255 4656 1447 4745 animalia,
1473 4662 1533 4732 sed
1560 4662 1721 4729 nondum
1745 4659 1847 4739 satis;
1874 4656 1938 4728 scd
1961 4680 2041 4726 curn
2067 4649 2135 4724 ho·
2249 4712 2253 4727 ,

21 4810 55 4847 4
189 4757 269 4831 Vos.
287 4756 362 4830 419
377 4781 430 4854 sq.
484 4758 597 4830 Multa
620 4784 678 4829 me
706 4759 962 4853 intelligentem
982 4781 1087 4850 prae·
1137 4760 1271 4829 minem
1295 4763 1473 4845 condidit,
1498 4762 1689 4858 acquievit.
1740 4761 1935 4854 Quomodo
1950 4752 2136 4854 aquievit?

88 4872 251 4946 tereunt,
287 4863 349 4933 sed
382 4886 577 4952 agnoscens
612 4887 731 4932 meam
769 4855 1085 4958 imbecillitatem]
1137 4865 1288 4935 laetatus
1315 4878 1366 4936 est
1389 4867 1428 4934 in
1440 4866 1503 4934 illo
1521 4890 1642 4959 opere.
1693 4863 1893 4935 Irascamur
1909 4874 2054 4934 nostrae
2077 4879 2135 4928 so·

85 4961 290 5038 Sallustius:
317 4962 509 5036 Extremae
526 4966 726 5036 dementiae
749 4979 801 5037 est
814 4968 945 5037 frustra
968 4964 1037 5034 niti
1051 4976 1087 5033 et

1139 5041 1345 5057 ..anu—0¹³·

88 5140 300 5161 “““···“·“““’
1171 5133 1219 5200 88)
1240 5133 1355 5185 sallust.
1373 5134 1440 5184 nell.
1458 5134 1581 5199 lngortle.
1598 5149 1621 5185 o.
1639 5135 1677 5196 3.,
1695 5136 1739 5186 nti
1757 5138 1824 5186 haee
1840 5135 1985 5199 leguntur:
2014 5130 2136 5182 umus

122 5232 173 5301 ω)
191 5237 214 5288 ι,
226 5234 387 5303 comm,
405 5234 495 5303 (¹⁴·)]
512 5235 850 5300 ,10„,.51„q3fflm
869 5236 893 5285 ¹·
906 5233 1031 5288 cnm·
1042 5233 1069 5283 g·
1207 5208 1298 5254 aute·
1316 5202 1387 5265 nltt,
1411 5214 1499 5265 neqm
1520 5204 1597 5254 eliud
1627 5205 1771 5269 fatigando
1794 5203 1849 5255 utel
1872 5203 1962 5255 otton
1988 5209 2134 5263 quaerere,

124 5320 177 5383 aa)
193 5314 323 5403 εόρηεις]
341 5321 479 5386 remgor·
496 5325 521 5374 ι.
543 5323 562 5375 ι.
580 5334 636 5374 nos
653 5323 735 5373 lesu
751 5322 803 5372 ase
820 5322 924 5386 sume,
943 5321 993 5371 seo
1010 5320 1087 5371 ver·
1152 5358 1161 5378 ,
1208 5276 1348 5323 extreme
1365 5271 1518 5322 ⁶⁰¹⁰¹²‘¹⁸⁶
1535 5275 1590 5324 “l

165 5392 228 5442 bun
247 5391 451 5456 θωρησσεσθαι,
1013 5446 1018 5453 Ι
1172 5375 1221 5436 89)
1237 5373 1333 5435 Ιιιιιρ.
1351 5373 1446 5426 (lmt.
1463 5372 1489 5425 8.
1507 5373 1534 5424 8.

119 5493 195 5558 m)
212 5491 318 5559 θῶρος]
335 5493 405 5545 tene
422 5503 517 5546 vocem
533 5491 563 5544 ln
583 5493 668 5543 Lexx.
688 5503 732 5557 gr.
748 5502 805 5543 non
823 5490 926 5544 meent.
1109 5498 1117 5533 t
1172 5479 1224 5540 ⁴⁰)
1242 5477 1338 5528 14119·
1356 5475 1391 5536 ⁸2
1411 5474 1443 5528 17
