4784 6256
172 198 247 333 aas
718 257 865 330 ean..
897 257 1010 329 amc.
1043 252 1245 327 scamas
1277 253 1612 361 saumones.
2128 247 2206 329 aaa

275 429 471 511 Cerberus,
498 453 604 522 quem
622 429 792 500 Hercules
809 428 957 520 fingitur
974 429 1019 495 ab
1037 427 1159 496 inferis
1315 426 1479 510 Taurus,
1505 449 1631 509 eerva,
1657 424 1734 509 leo,
1769 422 1862 493 inter
1887 434 2146 515 praepotentes
2170 441 2205 498 et

68 546 74 555 '
173 535 344 617 traxisse,
366 531 434 602 luit
448 531 792 621 regisMolossorum
807 531 916 600 canis.
953 527 1046 600 Nam
1063 530 1160 619 apud
1214 527 1352 598 nobiles
1366 529 1525 600 latrones
1540 526 1754 598 numerandi
1771 536 1874 609 sunt,
1900 525 1964 619 qui
1979 520 2116 598 horum
2131 530 2205 598 ani·

174 634 371 716 Molossos,
402 646 488 702 teste
503 629 697 703 Plutarcho
707 633 776 731 ⁴⁹),
802 646 880 703 erat
895 631 1058 701 Herculis
1071 642 1161 699 tem·
1214 630 1362 723 molium
1380 630 1437 699 vel
1453 629 1605 722 iusignia
1622 629 1679 698 vel
1693 630 1840 698 nomina
1856 640 2060 718 gesserunt;
2080 654 2206 727 quam·

174 739 426 828 poribusrex,
460 735 522 828 qui
544 733 698 805 hahebat
718 760 866 807 uxorem
892 732 1040 803 nomine
1055 730 1161 801 Cere·
1215 757 1323 826 quam
1347 731 1422 801 lieri
1448 732 1555 802 etiam
1582 743 1719 823 potest,
1750 743 1791 800 ut
1813 728 2001 813 Hercules,
2033 738 2207 826 quemad·

175 861 273 921 rem,
293 837 411 905 'filiam
439 837 714 929 Proserpinam,
748 850 783 907 et
806 861 930 906 canem
953 833 1161 904 Cerberum.
1215 835 1362 903 modum
1389 833 1531 906 Simeon
1545 832 1617 927 ⁴⁸),
1660 831 1827 902 inciderit
1851 834 1943 902 forte
1977 832 2017 900 in
2050 835 2208 922 leonem,

176 941 233 1009 Ad
254 935 351 1007 hune
372 962 453 1007 cum
476 935 660 1011 Pirithous
685 953 721 1008 et
743 935 903 1009 Theseus
925 936 1163 1018 accessissent,
1216 960 1368 1030 eumque
1384 935 1610 1006 memorabili
1626 959 1708 1005 casu
1726 934 1954 1005 interfecerit.

176 1053 218 1109 ut
239 1039 350 1109 liliam
373 1040 447 1110 eius
468 1040 725 1133 Proserpinam
749 1051 936 1133 raperent,
977 1035 1164 1108 Pirithous
1318 1037 1456 1123 Draco,
1480 1036 1637 1131 pomarii
1658 1047 1794 1119 custos,
1826 1037 1895 1107 luit
1914 1037 1973 1129 (ut
1989 1037 2127 1112 Plinius
2147 1066 2205 1112 re-

177 1141 260 1211 eani
283 1140 439 1211 Cerbero
466 1142 641 1227 obiectus,
683 1156 718 1212 et
740 1144 785 1213 ab
809 1166 851 1212 eo
875 1141 1067 1209 devoratus
1093 1151 1146 1210 est
1155 1144 1192 1249 3‘4
1215 1140 1302 1237 tert)
1319 1152 1458 1211 meatus
1472 1138 1582 1209 maris
1597 1138 1793 1223 flexuosus,
1819 1138 1883 1235 qui
1898 1140 2026 1231 procul
2042 1155 2202 1235 spectan-

87 1314 93 1329 ,
177 1240 338 1314 Theseus
352 1266 438 1312 vero
453 1243 492 1311 in
515 1244 668 1315 vinculis
692 1244 856 1314 detentus
877 1255 950 1326 est,
982 1243 1097 1312 donec
1119 1241 1164 1310 ab
1188 1256 1192 1353 y
1216 1242 1311 1313 tibus
1327 1242 1521 1334 praebebat
1545 1240 1695 1332 effigiem
1717 1240 1816 1332 longi
1838 1267 1881 1311 ac
1902 1243 2057 1313 tortuosi
2081 1246 2205 1317 draeo-

175 1344 330 1415 Hercule
344 1345 567 1415 liberaretur.
621 1345 714 1414 Hine
728 1346 877 1415 conficta
902 1356 955 1416 est
976 1343 1097 1413 sabula
1120 1345 1164 1412 de
1189 1356 1192 1415 Ι
1216 1344 1284 1415 nis.
1350 1342 1405 1413 Eo
1429 1356 1550 1414 meatu
1574 1355 1678 1412 erant
1702 1342 1808 1412 cincti
1830 1341 2070 1435 Hesperidum
2097 1344 2206 1431 horti,

96 1462 100 1469 “
178 1443 320 1518 Theseo
338 1436 402 1538 per
418 1446 606 1518 Herculem
632 1448 678 1516 ah
699 1448 823 1520 inseris
844 1447 1017 1527 liberato,
1050 1446 1165 1540 deque
1218 1470 1308 1540 quos
1323 1445 1492 1516 Hercules
1505 1444 1744 1537 depopulatus
1760 1458 1824 1517 est.
2032 1449 2035 1453 ’

177 1551 375 1620 interorum
401 1573 488 1617 cane
508 1550 615 1620 simul
635 1551 800 1621 abducto.
852 1546 1020 1619 Nicolaus
1034 1544 1165 1617 Leoni·
1318 1547 1490 1618 Centauri
1504 1549 1650 1618 luerunt
1664 1548 1791 1640 populi
1801 1543 2028 1633 Thessaliae,
2056 1552 2120 1646 qui
2133 1554 2205 1644 pri-

151 1662 153 1667 ’
179 1675 287 1724 cenus
302 1663 424 1720 tamen
447 1653 491 1720 de
507 1651 608 1720 varia‘
631 1646 784 1720 historia
804 1650 945 1733 scribit,
970 1649 1165 1719 Hecateum
1190 1680 1194 1721 a
1218 1649 1268 1719 mi
1283 1649 1420 1745 equites
1435 1650 1542 1721 luisse
1564 1645 1817 1739 perhibentur;
1851 1675 1891 1721 ac
1914 1650 1996 1722 ideo
2020 1652 2206 1746 linguntur

178 1753 379 1834 Milesium,
412 1763 576 1821 autorem
599 1751 798 1834 Graecum,
837 1753 1000 1833 tradere,
1031 1751 1069 1819 in
1094 1750 1167 1820 Te·
1216 1752 1452 1835 bimembres,
1479 1752 1650 1846 quoniam
1668 1751 1707 1821 iu
1723 1752 1901 1848 equitibus
1913 1753 2038 1847 procul
2054 1770 2206 1848 apparet

179 1879 292 1936 nero,
325 1850 505 1922 Laeouiae
528 1854 800 1943 promontorio,
839 1854 946 1925 luisse
964 1865 1164 1944 serpentem
1218 1854 1327 1924 mixta
1343 1854 1476 1946 species
1492 1853 1576 1949 equi
1592 1865 1628 1922 et
1643 1855 1724 1928 viri.
1778 1853 1867 1925 Cum
1883 1851 1937 1926 his
1952 1857 2097 1947 populis
2111 1857 2205 1925 Her-

180 1954 348 2026 horrihili
370 1954 616 2044 magnitudine
638 1968 673 2024 et
694 1957 831 2038 forma,
872 1980 977 2049 quem
997 1943 1166 2025 Hercules
1189 1968 1195 2017 ἵ
1219 1956 1313 2028 cules
1329 1980 1473 2049 quoque
1489 1955 1671 2050 pugnavit.
1799 1984 1801 1989 ·

180 2060 286 2129 iussu·
300 2052 493 2151 Eurysthei
517 2057 755 2140 interfecerit,
795 2081 947 2152 eumque
972 2059 1017 2126 ah
1040 2021 1194 2126 incolisi
1321 2056 1432 2128 Cacus
1462 2059 1531 2128 fuit
1559 2056 1727 2150 princeps
1751 2057 1982 2150 Campaniae,
2024 2059 2090 2155 qui
2115 2084 2203 2131 cum

182 2161 279 2230 illius
300 2158 369 2229 loci
390 2159 523 2228 dictum
547 2158 655 2229 luisse
677 2182 803 2239 canem
827 2159 1045 2241 interorum,
1082 2183 1167 2250 pro·
1190 2124 1194 2207 l
1219 2171 1308 2230 esset
1322 2156 1496 2230 Euandro
1520 2160 1685 2244 infestus,
1717 2162 1807 2231 duce
1821 2158 1969 2231 Hercule
1993 2161 2039 2230 ah
2054 2160 2205 2232 Arcadi-

183 2274 305 2367 pterea
323 2262 419 2355 quod
437 2271 515 2330 erat
527 2260 653 2330 solitus
670 2261 796 2332 obvios
813 2285 975 2355 quosque
989 2273 1166 2330 venenato
1217 2262 1284 2332 bus
1299 2285 1509 2355 oppressus,
1536 2273 1570 2332 et
1586 2264 1685 2332 fumo
1701 2275 1846 2334 necatus
1862 2276 1932 2347 est,
1960 2262 2042 2356 igne
2065 2262 2103 2333 in
2125 2289 2204 2356 spe·

46 2387 50 2401 ·
170 2375 354 2443 ,morsuet
368 2363 494 2432 atllatu
516 2385 657 2437 necare.
1217 2364 1323 2434 lunca
1345 2389 1533 2449 succenso,
1566 2364 1629 2433 ubi
1654 2389 1730 2436 sese
1749 2365 1948 2438 abdiderat.
2006 2362 2204 2458 lshngitor

282 2464 417 2553 Augiae
440 2463 619 2534 stabulum
642 2454 814 2554 congesto
840 2476 896 2534 ter
928 2464 1024 2534 mille
1055 2465 1166 2535 houm
1219 2465 1395 2559 exspuisse
1411 2467 1543 2558 ignem,
1570 2480 1760 2559 propterea
1777 2471 1876 2563 quod
1892 2467 2067 2540 incendiis
2082 2468 2204 2537 omnia

180 2570 266 2635 limo
295 2567 491 2657 repletum,
540 2567 609 2635 luit
638 2565 750 2657 ipsius
780 2565 917 2657 Augiae
947 2567 1041 2658 regis
1072 2567 1166 2647 aula,
1220 2569 1440 2640 devastabat.

178 2669 266 2737 luxu
282 2667 441 2756 perdita,
467 2690 509 2736 ac
522 2668 685 2759 plurimis
698 2667 794 2738 vitiis
814 2667 1024 2763 inquinata,
1057 2690 1165 2761 quarn
1320 2669 1491 2760 Magnam
1507 2694 1652 2765 quoque
1675 2672 1827 2763 gloriam
1840 2671 2015 2743 'Hercules
2037 2695 2205 2743 consecu-

182 2770 298 2840 oeciso
315 2781 471 2862 tyranno
490 2768 659 2841 Hercules
675 2770 896 2863 expurgavit.
1030 2832 1035 2841 .
1190 2782 1194 2901 i
1219 2784 1274 2843 tus
1290 2785 1342 2844 est
1354 2785 1532 2844 astrorum
1548 2769 1700 2865 sphaera
1710 2775 1747 2843 in
1756 2775 1944 2859 Graeciam
1957 2775 2080 2859 allata,
2096 2797 2204 2868 quam

282 2869 475 2944 Diomedes
498 2873 671 2964 sanguine
696 2885 732 2942 et
754 2871 948 2943 visceribus
976 2868 1165 2942 homiuum
1217 2875 1337 2959 Atlas,
1374 2873 1616 2953 Mauritaniae
1637 2900 1718 2960 rex,
1756 2877 1863 2968 paulo
1887 2886 1971 2944 ante
1998 2877 2206 2945 invenerat.

181 2975 446 3068 equnapavisse
461 2975 620 3064 lingitur,
645 2999 701 3057 eo,
728 2976 826 3068 quod
842 2997 1013 3063 magnum
1031 2975 1070 3042 in
1085 2974 1165 3043 aula
1217 2975 1264 3045 Et
1279 2973 1345 3045 hac
1361 2977 1405 3046 de
1419 3001 1522 3049 causa
1540 2978 1653 3048 dictus
1668 2989 1719 3046 est
1733 2976 1821 3045 alter
1838 2973 2111 3067 postAtlantem
2125 3000 2209 3046 sus·

181 3074 380 3166 equitatum
398 3075 529 3166 partim
553 3077 770 3157 latrociniis,
804 3075 935 3164 partim
960 3075 1167 3145 intolerahi-
1218 3078 1365 3151 tinuisse
1384 3080 1520 3152 coelum
1538 3075 1703 3151 humeris.

178 3173 273 3243 lihus
288 3176 429 3247 tributis
443 3188 479 3243 et
494 3177 737 3247 exactionibus
758 3176 857 3246 aluit.
907 3174 1079 3247 Erasmus
1093 3176 1166 3245 Ro·
1706 3246 1716 3264 .

179 3275 386 3344 terodamu,
403 3275 441 3341 ῑῃ
458 3275 602 3364 adagim
628 3275 1167 3371 Diomedeanecessitswyre.
1241 3244 1507 3340 Indignatio
1531 3246 1742 3320 Herculis
1768 3248 1991 3316 adversus
2016 3242 2177 3317 Deum.

180 3375 250 3442 lert
264 3399 305 3443 ex
318 3370 569 3466 Aristophanis
586 3377 778 3468 interprete
794 3376 1005 3447 Diomedem
1021 3379 1165 3450 solitum
1267 3383 1346 3455 Vss.
1361 3387 1503 3480 avesq.
1530 3392 1579 3458 Aa
1601 3387 1685 3457 ualet
1704 3384 1926 3475 Eurystheus:
1958 3391 1991 3450 et
2013 3392 2112 3462 aaut,
2146 3386 2202 3473 φη·

179 3473 337 3567 hospites
362 3501 445 3549 suos
466 3480 678 3573 compellere
705 3482 751 3550 ad
773 3493 936 3571 stuprum
963 3480 1165 3551 laciendum
1625 3492 1759 3558 credere
1777 3484 1973 3575 masaessw)

179 3602 261 3649 cum
286 3580 424 3658 filiabus
446 3581 519 3655 suis
540 3583 826 3667 deformissimis,
859 3594 895 3651 et
915 3595 1039 3675 stupro
1059 3583 1166 3667 lacto,
1268 3592 1464 3659 Essemus.

170 3682 259 3755 ¹illos
282 3683 521 3766 interemisse
562 3700 597 3757 et
629 3713 707 3756 eam
740 3689 787 3758 oh
811 3709 954 3757 eausam
979 3684 1165 3756 Diomedis
1318 3704 1407 3776 mud
1426 3706 1569 3801 quidem
1586 3702 1801 3781 mynymg'esg
1824 3704 2022 3783 heroicum,
2052 3699 2116 3767 ,ed
2145 3710 2200 3764 ω.

177 3785 302 3857 liliasa
321 3787 407 3858 viris
422 3791 592 3877 agitatas,
618 3791 730 3858 dictas
748 3813 822 3859 esse
838 3811 967 3889 equas,
993 3812 1085 3881 quae
1102 3811 1165 3879 pa·
1217 3829 1300 3875 men
1317 3834 1336 3876 a
1353 3808 1497 3878 mortali
1520 3805 1666 3880 homine
1688 3836 1764 3881 „0ss
1785 3810 1961 3889 alienum-²
1993 3800 2091 3897 quod
2107 3798 2201 3867 fler.

177 3888 255 3954 bull
272 3888 347 3955 vice
361 3885 517 3957 humana
535 3912 641 3956 came
660 3899 899 3956 Vssssoeffflluf·
1189 3928 1192 3945 ¹
1216 3908 1311 3978 eules
1333 3909 1540 4001 indignatur
1564 3925 1599 3982 et
1627 3911 1813 3995 irascitur,
1848 3926 1888 3982 ut
1912 3910 2046 3978 incuset
2067 3898 2201 3982 Deum,

270 3983 532 4076 Stymphalides
548 4008 630 4056 aves
645 3999 749 4055 erant
762 3990 974 4078 praedones,
993 3990 1055 4082 qui
1072 3988 1163 4058 circa
1188 3950 1192 4087 1
1217 4011 1318 4105 quasi
1334 4036 1392 4082 re,
1406 4007 1582 4085 humana,
1604 4009 1696 4094 „phil
1721 4028 1830 4086 curet,
1891 4011 1985 4083 Nam
2008 4029 2090 4077 cum
2116 4002 2200 4073 boni

179 4080 428 4203 Stymphalum
447 4086 619 4177 oppidum
635 4102 671 4206 et
692 4090 808 4159 lacum
823 4089 998 4159 Arcadiae
1022 4091 1164 4159 latrum·
1216 4113 1253 4181 5„
1268 4107 1334 4183 hac
1350 4115 1424 4183 vit,
1445 4115 1649 4206 affligamur
1672 4115 1952 4196 calaminam„
1984 4122 2020 4180 es
2045 4104 2200 4199 improbi

177 4190 375 4257 nabantur:
403 4190 440 4256 sd
458 4191 554 4282 quod
570 4190 745 4262 conlisere
759 4193 840 4262 licet
862 4216 904 4260 ex
926 4186 982 4262 his
1004 4192 1163 4263 versibus
1214 4217 1304 4284 hene
1322 4212 1497 4301 habfflm²
1521 4231 1614 4287 eme
1631 4215 1809 4289 humanu,
1824 4216 1965 4303 animm
1979 4210 2052 4282 nisi
2069 4204 2199 4279 domi.

180 4288 443 4386 Claudiani⁴⁴):
1215 4340 1262 4385 na
1288 4314 1488 4388 Christiana
1513 4322 1743 4392 confirmatus
1768 4344 1842 4389 non
1863 4310 1982 4412 phtest
2001 4312 2106 4383 aliter
2132 4321 2199 4380 str-

246 4403 411 4471 suetam,
428 4408 620 4475 ¹⁰¹⁰r⁸¹ffl⁶s
644 4411 724 4473 Μ’,
744 4409 924 4477 stynptste,
946 4410 1077 4464 ¹⁰¹⁰&
1216 4431 1332 4503 tuere,
1358 4421 1426 4490 nisi
1440 4434 1502 4491 aut
1519 4421 1655 4493 nullum
1672 4447 1746 4495 esse
1759 4420 1897 4506 Deum,
1924 4429 2058 4490 autres
2074 4408 2199 4484 huma·

247 4487 360 4553 Ῥω
376 4491 506 4545 '‘¹⁰5⁰‘’
524 4494 661 4558 ΨΜ
676 4495 817 4558 '‘mh''
834 4495 939 4548 ’Μ’
1213 4543 1279 4591 uas
1292 4545 1367 4590 non
1385 4547 1458 4593 esse
1473 4521 1552 4595 Deo
1573 4550 1695 4596 curae:
1730 4549 1838 4619 quam
1861 4520 2045 4593 humanae
2071 4512 2199 4586 mentis

176 4574 270 4649 Nam
287 4601 369 4649 ‘¹¹¹⁰
386 4579 437 4648 ³5¹
454 4581 623 4672 sPil-‘³5⁵⁸e
639 4582 708 4651 ¹⁰¹³
728 4606 790 4653 ⁸²¹¹
814 4583 969 4674 ⁸Pi⁶¹¹¹³’
1003 4606 1078 4652 ¹¹⁰⁰
1099 4585 1162 4653 οὔ·
1214 4622 1465 4713 cogitationem
1482 4641 1587 4718 poeta
1605 4626 1823 4699 Claudianus
1838 4626 1976 4697 erudite
1993 4619 2198 4713 complexus

177 4703 278 4759 sture
294 4679 447 4765 indicat,
479 4684 585 4754 fuisse
599 4687 800 4777 praedones
822 4683 931 4752 armis
955 4684 1160 4757 instructos.
1213 4737 1265 4796 es,
1283 4721 1338 4797 his
1353 4727 1511 4800 versibus
1521 4754 1529 4796 :

177 4781 256 4852 Hae
274 4805 359 4852 vero
375 4807 457 4854 aves
478 4785 657 4878 inprimis
679 4787 826 4857 infestae
850 4798 934 4856 sunt
953 4799 1160 4857 mercatori·
1316 4839 1613 4908 supersistentiam
1632 4844 1718 4896 ,mu
1736 4844 1877 4897 ”mm
1892 4844 2030 4905 mm,

120 4907 124 4916 ·
175 4885 263 4969 hus,
300 4896 336 4954 et
355 4885 476 4956 relicta
496 4885 644 4960 Arcadia
666 4888 950 4978 commigrarunt
970 4889 1009 4958 in
1032 4890 1160 4961 multas
1315 4926 1999 4994 0,„„„,g„„1„„„‚„mmmmm

175 4987 393 5059 Germaniae
408 4989 581 5081 regiones.
1314 5012 1434 5077 ttector,
1459 5016 1488 5065 et
1503 5014 1610 5065 tncsrto
1627 5014 1745 5064 ruerent
1762 5009 1891 5063 nortatts
1907 5018 1984 5060 aser.

178 5142 392 5161 ..........
1184 5114 1188 5185 y
1313 5098 1381 5149 Nan
1399 5111 1460 5152 oon
1478 5098 1608 5163 disposttt
1625 5098 1797 5163 quaesissem
1816 5097 1931 5149 tostam
1948 5090 2057 5155 nunti,

1184 5194 1187 5221 ζ
1217 5204 1285 5217 ..u—v·-
1304 5208 1423 5218 ···-—-

209 5233 258 5301 42)
276 5239 355 5290 cant.
373 5239 512 5290 Pluterob.
530 5237 588 5286 vita
605 5235 703 5287 risset
720 5247 743 5290 o.
754 5235 799 5288 41.
1182 5272 1187 5363 4'
1244 5285 1293 5343 tt)
1312 5284 1436 5345 Stnson]
1455 5284 1496 5334 sle
1514 5281 1634 5346 sertpsl;
1656 5282 1739 5336 retae
1754 5283 1848 5348 lma
1871 5282 1946 5335 ΙΨ·
1963 5283 2098 5333 m

4 5328 12 5341 ’
81 5348 89 5367 “
208 5338 258 5403 ⁴⁸)
277 5341 386 5392 ΕΜ
401 5341 490 5403 ³⁶⁸⁸·
509 5337 572 5389 ⁰³¹¹·
583 5339 605 5389 ¹·
623 5341 693 5390 ⁰⁶⁰²·
709 5337 755 5388 ¹¹·
774 5346 852 5399 Μ’·
867 5341 892 5390 ⁴·
1183 5368 1187 5387 ·
1242 5370 1291 5435 ss)
1308 5373 1444 5434 possum]
1474 5370 1516 5421 aa
1538 5370 1622 5421 resse
1648 5368 1740 5433 ism,
1772 5368 1864 5432 saas.;
1901 5366 1981 5418 ovis.
2008 5364 2061 5417 re.
2089 5362 2191 5416 meu

207 5440 256 5494 etl
277 5440 422 5492 Claudiani
440 5440 521 5503 tdytt.
534 5438 569 5503 11,
590 5443 599 5489 t
617 5448 658 5499 sq.
997 5454 1008 5463 ·
1179 5390 1187 5500 l
1275 5439 1395 5503 possint.

1521 5526 1533 5550 ἱ
