<?xml version="1.0" encoding="UTF-8"?>
<!DOCTYPE html PUBLIC "-//W3C//DTD XHTML 1.0 Transitional//EN"
    "http://www.w3.org/TR/xhtml1/DTD/xhtml1-transitional.dtd">
<html xmlns="http://www.w3.org/1999/xhtml" xml:lang="en" lang="en">
 <head>
  <title>
</title>
<meta http-equiv="Content-Type" content="text/html;charset=utf-8" />
  <meta name='ocr-system' content='tesseract 3.04.00' />
  <meta name='ocr-capabilities' content='ocr_page ocr_carea ocr_par ocr_line ocrx_word'/>
</head>
<body>
  <div class='ocr_page' id='page_1' title='image "./philippimelanth14melagoog_0310.png"; bbox 0 0 4784 6256; ppageno 0'>
   <div class='ocr_carea' id='block_1_1' title="bbox 197 280 274 358">
    <p class='ocr_par' dir='ltr' id='par_1_1' title="bbox 197 280 274 358">
     <span class='ocr_line' id='line_1_1' title="bbox 197 280 274 358; baseline 0 0"><span class='ocrx_word' id='word_1_1' title='bbox 197 280 274 358; x_wconf 78' lang='lat' dir='ltr'><strong>ons</strong></span> 
     </span>
    </p>
   </div>
   <div class='ocr_carea' id='block_1_2' title="bbox 197 454 1180 651">
    <p class='ocr_par' dir='ltr' id='par_1_2' title="bbox 197 454 1180 651">
     <span class='ocr_line' id='line_1_2' title="bbox 197 454 1180 551; baseline -0.005 -22"><span class='ocrx_word' id='word_1_2' title='bbox 197 457 397 551; x_wconf 79' lang='lat' dir='ltr'><strong>Querela</strong></span> <span class='ocrx_word' id='word_1_3' title='bbox 424 454 637 527; x_wconf 87' lang='lat' dir='ltr'><strong>Herculis</strong></span> <span class='ocrx_word' id='word_1_4' title='bbox 670 456 913 527; x_wconf 84' lang='lat' dir='ltr'><strong>continens</strong></span> <span class='ocrx_word' id='word_1_5' title='bbox 947 479 1180 527; x_wconf 76' lang='lat' dir='ltr'><strong>ensrmera-</strong></span> 
     </span>
     <span class='ocr_line' id='line_1_3' title="bbox 273 559 1104 651; baseline 0 -22"><span class='ocrx_word' id='word_1_6' title='bbox 273 559 449 629; x_wconf 76' lang='lat' dir='ltr'><strong>tionem</strong></span> <span class='ocrx_word' id='word_1_7' title='bbox 475 582 630 629; x_wconf 89' lang='lat' dir='ltr'><strong>rerum</strong></span> <span class='ocrx_word' id='word_1_8' title='bbox 657 561 710 629; x_wconf 85' lang='lat' dir='ltr'><strong>ab</strong></span> <span class='ocrx_word' id='word_1_9' title='bbox 735 561 836 651; x_wconf 74' lang='lat' dir='ltr'><strong>ipso</strong></span> <span class='ocrx_word' id='word_1_10' title='bbox 860 570 1104 651; x_wconf 88' lang='lat' dir='ltr'><strong>ges-tarum.</strong></span> 
     </span>
    </p>
   </div>
   <div class='ocr_carea' id='block_1_3' title="bbox 138 676 1181 2946">
    <p class='ocr_par' dir='ltr' id='par_1_3' title="bbox 246 676 1178 891">
     <span class='ocr_line' id='line_1_4' title="bbox 246 676 1178 789; baseline 0.004 -29"><span class='ocrx_word' id='word_1_11' title='bbox 246 693 325 766; x_wconf 85' lang='lat' dir='ltr'><strong>Vss.</strong></span> <span class='ocrx_word' id='word_1_12' title='bbox 343 676 420 767; x_wconf 71' lang='lat'><strong>182&#39;</strong></span> <span class='ocrx_word' id='word_1_13' title='bbox 430 720 483 789; x_wconf 89' lang='lat' dir='ltr'><strong>sq.</strong></span> <span class='ocrx_word' id='word_1_14' title='bbox 512 698 600 786; x_wconf 75' lang='lat' dir='ltr'><strong>Ergo</strong></span> <span class='ocrx_word' id='word_1_15' title='bbox 615 719 674 785; x_wconf 72' lang='lat' dir='ltr'><strong>epo</strong></span> <span class='ocrx_word' id='word_1_16' title='bbox 689 694 880 787; x_wconf 74' lang='lat' dir='ltr'><strong>foedantem</strong></span> <span class='ocrx_word' id='word_1_17' title='bbox 902 699 1080 786; x_wconf 74' lang='lat' dir='ltr'><strong>peregrino</strong></span> <span class='ocrx_word' id='word_1_18' title='bbox 1095 718 1178 764; x_wconf 77' lang='lat' dir='ltr'><strong>son·</strong></span> 
     </span>
     <span class='ocr_line' id='line_1_5' title="bbox 498 796 806 891; baseline 0.006 -26"><span class='ocrx_word' id='word_1_19' title='bbox 498 800 602 886; x_wconf 74' lang='lat' dir='ltr'><strong>paine</strong></span> <span class='ocrx_word' id='word_1_20' title='bbox 620 799 744 886; x_wconf 80' lang='lat' dir='ltr'><strong>templo</strong></span> <span class='ocrx_word' id='word_1_21' title='bbox 757 796 806 891; x_wconf 75' lang='lat'><strong>⁸⁸)</strong></span> 
     </span>
    </p>

    <p class='ocr_par' dir='ltr' id='par_1_4' title="bbox 194 900 1181 1625">
     <span class='ocr_line' id='line_1_6' title="bbox 307 900 601 971; baseline 0.003 -5"><span class='ocrx_word' id='word_1_22' title='bbox 307 900 461 971; x_wconf 79' lang='lat' dir='ltr'><strong>Busirim</strong></span> <span class='ocrx_word' id='word_1_23' title='bbox 476 900 601 968; x_wconf 79' lang='lat' dir='ltr'><strong>domui.</strong></span> 
     </span>
     <span class='ocr_line' id='line_1_7' title="bbox 297 1010 1179 1111; baseline -0.002 -26"><span class='ocrx_word' id='word_1_24' title='bbox 297 1013 395 1086; x_wconf 88' lang='lat' dir='ltr'><strong>Haec</strong></span> <span class='ocrx_word' id='word_1_25' title='bbox 409 1018 553 1111; x_wconf 92' lang='lat' dir='ltr'><strong>querela</strong></span> <span class='ocrx_word' id='word_1_26' title='bbox 570 1028 712 1107; x_wconf 87' lang='lat' dir='ltr'><strong>sumpta</strong></span> <span class='ocrx_word' id='word_1_27' title='bbox 727 1029 780 1087; x_wconf 82' lang='lat' dir='ltr'><strong>est</strong></span> <span class='ocrx_word' id='word_1_28' title='bbox 803 1040 846 1086; x_wconf 91' lang='lat' dir='ltr'><strong>ex</strong></span> <span class='ocrx_word' id='word_1_29' title='bbox 863 1010 1061 1109; x_wconf 86' lang='lat' dir='ltr'><strong>Sophocle,</strong></span> <span class='ocrx_word' id='word_1_30' title='bbox 1084 1015 1179 1106; x_wconf 95' lang='lat' dir='ltr'><strong>apud</strong></span> 
     </span>
     <span class='ocr_line' id='line_1_8' title="bbox 195 1114 1179 1215; baseline 0 -28"><span class='ocrx_word' id='word_1_31' title='bbox 195 1140 302 1213; x_wconf 91' lang='lat' dir='ltr'><strong>quem</strong></span> <span class='ocrx_word' id='word_1_32' title='bbox 319 1116 355 1185; x_wconf 92' lang='lat' dir='ltr'><strong>in</strong></span> <span class='ocrx_word' id='word_1_33' title='bbox 372 1114 576 1189; x_wconf 81' lang='lat' dir='ltr'><strong>Trachiniis</strong></span> <span class='ocrx_word' id='word_1_34' title='bbox 590 1117 638 1215; x_wconf 74' lang='lat'><strong>⁴⁶)</strong></span> <span class='ocrx_word' id='word_1_35' title='bbox 661 1116 831 1190; x_wconf 87' lang='lat' dir='ltr'><strong>Hercules</strong></span> <span class='ocrx_word' id='word_1_36' title='bbox 848 1116 1094 1210; x_wconf 77' lang='lat' dir='ltr'>magnitudine</span> <span class='ocrx_word' id='word_1_37' title='bbox 1116 1119 1179 1187; x_wconf 91' lang='lat' dir='ltr'><strong>do·</strong></span> 
     </span>
     <span class='ocr_line' id='line_1_9' title="bbox 215 1216 1181 1316; baseline 0.002 -30"><span class='ocrx_word' id='word_1_38' title='bbox 215 1242 319 1290; x_wconf 88' lang='lat' dir='ltr'><strong>orum</strong></span> <span class='ocrx_word' id='word_1_39' title='bbox 336 1216 493 1305; x_wconf 89' lang='lat' dir='ltr'><strong>eiulans,</strong></span> <span class='ocrx_word' id='word_1_40' title='bbox 518 1222 644 1291; x_wconf 89' lang='lat' dir='ltr'><strong>endem</strong></span> <span class='ocrx_word' id='word_1_41' title='bbox 662 1221 785 1304; x_wconf 91' lang='lat' dir='ltr'><strong>modo,</strong></span> <span class='ocrx_word' id='word_1_42' title='bbox 811 1245 884 1316; x_wconf 92' lang='lat' dir='ltr'><strong>quo</strong></span> <span class='ocrx_word' id='word_1_43' title='bbox 897 1216 968 1305; x_wconf 87' lang='lat' dir='ltr'><strong>hic,</strong></span> <span class='ocrx_word' id='word_1_44' title='bbox 994 1231 1181 1290; x_wconf 80' lang='lat' dir='ltr'><strong>enumerat</strong></span> 
     </span>
     <span class='ocr_line' id='line_1_10' title="bbox 195 1321 1180 1417; baseline -0.002 -24"><span class='ocrx_word' id='word_1_45' title='bbox 195 1345 276 1393; x_wconf 89' lang='lat' dir='ltr'><strong>suas</strong></span> <span class='ocrx_word' id='word_1_46' title='bbox 292 1345 349 1391; x_wconf 91' lang='lat' dir='ltr'><strong>res</strong></span> <span class='ocrx_word' id='word_1_47' title='bbox 363 1334 489 1414; x_wconf 88' lang='lat' dir='ltr'><strong>gestas.</strong></span> <span class='ocrx_word' id='word_1_48' title='bbox 541 1323 644 1417; x_wconf 83' lang='lat' dir='ltr'><strong>Quae</strong></span> <span class='ocrx_word' id='word_1_49' title='bbox 662 1346 748 1392; x_wconf 85' lang='lat' dir='ltr'><strong>vero</strong></span> <span class='ocrx_word' id='word_1_50' title='bbox 772 1323 816 1392; x_wconf 89' lang='lat' dir='ltr'><strong>de</strong></span> <span class='ocrx_word' id='word_1_51' title='bbox 839 1321 1009 1395; x_wconf 83' lang='lat' dir='ltr'><strong>monstris</strong></span> <span class='ocrx_word' id='word_1_52' title='bbox 1029 1323 1074 1392; x_wconf 89' lang='lat' dir='ltr'><strong>ab</strong></span> <span class='ocrx_word' id='word_1_53' title='bbox 1090 1321 1180 1392; x_wconf 91' lang='lat' dir='ltr'><strong>Her-</strong></span> 
     </span>
     <span class='ocr_line' id='line_1_11' title="bbox 195 1422 1179 1517; baseline 0 -25"><span class='ocrx_word' id='word_1_54' title='bbox 195 1422 273 1494; x_wconf 86' lang='lat' dir='ltr'><strong>cdle</strong></span> <span class='ocrx_word' id='word_1_55' title='bbox 289 1422 436 1495; x_wconf 89' lang='lat' dir='ltr'><strong>domitis</strong></span> <span class='ocrx_word' id='word_1_56' title='bbox 451 1427 664 1509; x_wconf 91' lang='lat' dir='ltr'><strong>traduntur,</strong></span> <span class='ocrx_word' id='word_1_57' title='bbox 689 1424 919 1517; x_wconf 90' lang='lat' dir='ltr'><strong>intelligenda</strong></span> <span class='ocrx_word' id='word_1_58' title='bbox 942 1435 1027 1496; x_wconf 91' lang='lat' dir='ltr'><strong>sunt</strong></span> <span class='ocrx_word' id='word_1_59' title='bbox 1045 1423 1179 1517; x_wconf 88' lang='lat' dir='ltr'><strong>partim</strong></span> 
     </span>
     <span class='ocr_line' id='line_1_12' title="bbox 194 1525 1180 1625; baseline 0.003 -32"><span class='ocrx_word' id='word_1_60' title='bbox 194 1526 237 1594; x_wconf 88' lang='lat' dir='ltr'><strong>dc</strong></span> <span class='ocrx_word' id='word_1_61' title='bbox 262 1528 443 1619; x_wconf 90' lang='lat' dir='ltr'><strong>tyrannis,</strong></span> <span class='ocrx_word' id='word_1_62' title='bbox 473 1527 605 1619; x_wconf 91' lang='lat' dir='ltr'><strong>partim</strong></span> <span class='ocrx_word' id='word_1_63' title='bbox 629 1528 673 1597; x_wconf 90' lang='lat' dir='ltr'><strong>de</strong></span> <span class='ocrx_word' id='word_1_64' title='bbox 693 1528 913 1612; x_wconf 79' lang='lat' dir='ltr'>latronibus,</span> <span class='ocrx_word' id='word_1_65' title='bbox 947 1551 1027 1597; x_wconf 91' lang='lat' dir='ltr'><strong>cum</strong></span> <span class='ocrx_word' id='word_1_66' title='bbox 1050 1525 1180 1625; x_wconf 85' lang='lat' dir='ltr'><strong>quibus</strong></span> 
     </span>
    </p>

    <p class='ocr_par' dir='ltr' id='par_1_5' title="bbox 194 1626 504 1721">
     <span class='ocr_line' id='line_1_13' title="bbox 194 1626 504 1721; baseline 0.023 -27"><span class='ocrx_word' id='word_1_67' title='bbox 194 1626 253 1698; x_wconf 92' lang='lat' dir='ltr'><strong>ille</strong></span> <span class='ocrx_word' id='word_1_68' title='bbox 269 1628 504 1721; x_wconf 69' lang='lat' dir='ltr'><strong>belligeravit.</strong></span> 
     </span>
    </p>

    <p class='ocr_par' dir='ltr' id='par_1_6' title="bbox 138 1729 1181 2946">
     <span class='ocr_line' id='line_1_14' title="bbox 138 1729 1181 1822; baseline -0.001 -23"><span class='ocrx_word' id='word_1_69' title='bbox 138 1760 142 1765; x_wconf 95' lang='lat'>·</span> <span class='ocrx_word' id='word_1_70' title='bbox 295 1729 432 1802; x_wconf 75' lang='lat' dir='ltr'>Busiris</span> <span class='ocrx_word' id='word_1_71' title='bbox 449 1744 484 1801; x_wconf 91' lang='lat' dir='ltr'><strong>et</strong></span> <span class='ocrx_word' id='word_1_72' title='bbox 498 1731 656 1801; x_wconf 75' lang='lat' dir='ltr'><strong>Antaeus</strong></span> <span class='ocrx_word' id='word_1_73' title='bbox 670 1733 816 1801; x_wconf 82' lang='lat' dir='ltr'><strong>luerunt</strong></span> <span class='ocrx_word' id='word_1_74' title='bbox 832 1752 933 1822; x_wconf 87' lang='lat' dir='ltr'><strong>reges</strong></span> <span class='ocrx_word' id='word_1_75' title='bbox 956 1738 1121 1822; x_wconf 87' lang='lat' dir='ltr'><strong>potentes</strong></span> <span class='ocrx_word' id='word_1_76' title='bbox 1145 1741 1181 1798; x_wconf 90' lang='lat' dir='ltr'><strong>et</strong></span> 
     </span>
     <span class='ocr_line' id='line_1_15' title="bbox 194 1827 1179 1928; baseline -0.004 -26"><span class='ocrx_word' id='word_1_77' title='bbox 194 1833 373 1916; x_wconf 77' lang='lat' dir='ltr'><strong>crudeles,</strong></span> <span class='ocrx_word' id='word_1_78' title='bbox 400 1857 555 1928; x_wconf 91' lang='lat' dir='ltr'><strong>quorum</strong></span> <span class='ocrx_word' id='word_1_79' title='bbox 579 1834 669 1902; x_wconf 89' lang='lat' dir='ltr'><strong>alter</strong></span> <span class='ocrx_word' id='word_1_80' title='bbox 692 1832 731 1901; x_wconf 94' lang='lat' dir='ltr'><strong>in</strong></span> <span class='ocrx_word' id='word_1_81' title='bbox 744 1832 929 1926; x_wconf 89' lang='lat' dir='ltr'><strong>Aegypto,</strong></span> <span class='ocrx_word' id='word_1_82' title='bbox 954 1832 1045 1901; x_wconf 91' lang='lat' dir='ltr'><strong>alter</strong></span> <span class='ocrx_word' id='word_1_83' title='bbox 1067 1827 1179 1899; x_wconf 89' lang='lat' dir='ltr'><strong>inL1-</strong></span> 
     </span>
     <span class='ocr_line' id='line_1_16' title="bbox 191 1933 1178 2029; baseline 0 -27"><span class='ocrx_word' id='word_1_84' title='bbox 191 1935 261 2027; x_wconf 90' lang='lat' dir='ltr'><strong>bya</strong></span> <span class='ocrx_word' id='word_1_85' title='bbox 278 1934 700 2026; x_wconf 83' lang='lat' dir='ltr'><strong>tyrannidemexercuit,</strong></span> <span class='ocrx_word' id='word_1_86' title='bbox 721 1936 767 2004; x_wconf 91' lang='lat' dir='ltr'><strong>ob</strong></span> <span class='ocrx_word' id='word_1_87' title='bbox 783 1957 891 2029; x_wconf 91' lang='lat' dir='ltr'><strong>quam</strong></span> <span class='ocrx_word' id='word_1_88' title='bbox 905 1945 1056 2029; x_wconf 90' lang='lat' dir='ltr'><strong>uterque</strong></span> <span class='ocrx_word' id='word_1_89' title='bbox 1071 1933 1178 2002; x_wconf 90' lang='lat' dir='ltr'><strong>etiam</strong></span> 
     </span>
     <span class='ocr_line' id='line_1_17' title="bbox 193 2034 1179 2120; baseline -0.002 -16"><span class='ocrx_word' id='word_1_90' title='bbox 193 2038 238 2106; x_wconf 91' lang='lat' dir='ltr'><strong>ab</strong></span> <span class='ocrx_word' id='word_1_91' title='bbox 254 2035 406 2105; x_wconf 85' lang='lat' dir='ltr'><strong>Hercule</strong></span> <span class='ocrx_word' id='word_1_92' title='bbox 422 2037 619 2109; x_wconf 86' lang='lat' dir='ltr'><strong>debellatus</strong></span> <span class='ocrx_word' id='word_1_93' title='bbox 637 2050 672 2107; x_wconf 92' lang='lat' dir='ltr'><strong>et</strong></span> <span class='ocrx_word' id='word_1_94' title='bbox 687 2037 823 2108; x_wconf 85' lang='lat' dir='ltr'><strong>occisus</strong></span> <span class='ocrx_word' id='word_1_95' title='bbox 847 2048 917 2116; x_wconf 85' lang='lat' dir='ltr'><strong>est;</strong></span> <span class='ocrx_word' id='word_1_96' title='bbox 949 2036 1043 2106; x_wconf 89' lang='lat' dir='ltr'><strong>bella</strong></span> <span class='ocrx_word' id='word_1_97' title='bbox 1069 2034 1179 2120; x_wconf 89' lang='lat' dir='ltr'><strong>enim,</strong></span> 
     </span>
     <span class='ocr_line' id='line_1_18' title="bbox 193 2133 1179 2233; baseline 0 -27"><span class='ocrx_word' id='word_1_98' title='bbox 193 2162 284 2232; x_wconf 89' lang='lat' dir='ltr'><strong>quae</strong></span> <span class='ocrx_word' id='word_1_99' title='bbox 298 2136 469 2212; x_wconf 90' lang='lat' dir='ltr'><strong>Hercules</strong></span> <span class='ocrx_word' id='word_1_100' title='bbox 492 2139 618 2233; x_wconf 86' lang='lat' dir='ltr'><strong>gessit,</strong></span> <span class='ocrx_word' id='word_1_101' title='bbox 648 2140 795 2210; x_wconf 83' lang='lat' dir='ltr'><strong>inerunt</strong></span> <span class='ocrx_word' id='word_1_102' title='bbox 816 2163 884 2231; x_wconf 94' lang='lat' dir='ltr'><strong>pro</strong></span> <span class='ocrx_word' id='word_1_103' title='bbox 908 2137 1093 2209; x_wconf 91' lang='lat' dir='ltr'><strong>communi</strong></span> <span class='ocrx_word' id='word_1_104' title='bbox 1113 2133 1179 2206; x_wconf 90' lang='lat' dir='ltr'><strong>bo-</strong></span> 
     </span>
     <span class='ocr_line' id='line_1_19' title="bbox 192 2240 1178 2334; baseline 0.001 -26"><span class='ocrx_word' id='word_1_105' title='bbox 192 2240 330 2311; x_wconf 91' lang='lat' dir='ltr'><strong>minum</strong></span> <span class='ocrx_word' id='word_1_106' title='bbox 349 2242 462 2312; x_wconf 90' lang='lat' dir='ltr'><strong>salute</strong></span> <span class='ocrx_word' id='word_1_107' title='bbox 477 2255 659 2334; x_wconf 88' lang='lat' dir='ltr'><strong>suscepta,</strong></span> <span class='ocrx_word' id='word_1_108' title='bbox 686 2244 731 2311; x_wconf 91' lang='lat' dir='ltr'><strong>ad</strong></span> <span class='ocrx_word' id='word_1_109' title='bbox 754 2241 983 2311; x_wconf 90' lang='lat' dir='ltr'><strong>liberandum</strong></span> <span class='ocrx_word' id='word_1_110' title='bbox 1006 2240 1132 2309; x_wconf 91' lang='lat' dir='ltr'><strong>orbem</strong></span> <span class='ocrx_word' id='word_1_111' title='bbox 1157 2262 1178 2309; x_wconf 93' lang='lat' dir='ltr'><strong>a</strong></span> 
     </span>
     <span class='ocr_line' id='line_1_20' title="bbox 192 2341 1179 2436; baseline 0 -25"><span class='ocrx_word' id='word_1_112' title='bbox 192 2343 383 2436; x_wconf 76' lang='lat' dir='ltr'><strong>tyrannide</strong></span> <span class='ocrx_word' id='word_1_113' title='bbox 407 2356 443 2411; x_wconf 91' lang='lat' dir='ltr'><strong>et</strong></span> <span class='ocrx_word' id='word_1_114' title='bbox 463 2342 666 2414; x_wconf 91' lang='lat' dir='ltr'><strong>latrocinio.</strong></span> <span class='ocrx_word' id='word_1_115' title='bbox 712 2342 843 2412; x_wconf 80' lang='lat' dir='ltr'><strong>Antaei</strong></span> <span class='ocrx_word' id='word_1_116' title='bbox 857 2342 1022 2412; x_wconf 87' lang='lat' dir='ltr'><strong>meminit</strong></span> <span class='ocrx_word' id='word_1_117' title='bbox 1037 2341 1179 2411; x_wconf 83' lang='lat' dir='ltr'><strong>Plutar-</strong></span> 
     </span>
     <span class='ocr_line' id='line_1_21' title="bbox 192 2438 1177 2539; baseline 0 -28"><span class='ocrx_word' id='word_1_118' title='bbox 192 2438 279 2514; x_wconf 88' lang='lat' dir='ltr'><strong>chus</strong></span> <span class='ocrx_word' id='word_1_119' title='bbox 293 2444 332 2512; x_wconf 92' lang='lat' dir='ltr'><strong>in</strong></span> <span class='ocrx_word' id='word_1_120' title='bbox 349 2444 422 2512; x_wconf 90' lang='lat' dir='ltr'><strong>vita</strong></span> <span class='ocrx_word' id='word_1_121' title='bbox 438 2442 589 2515; x_wconf 84' lang='lat' dir='ltr'><strong>Sertorii</strong></span> <span class='ocrx_word' id='word_1_122' title='bbox 602 2444 670 2539; x_wconf 83' lang='lat'><strong>⁴¹),</strong></span> <span class='ocrx_word' id='word_1_123' title='bbox 697 2468 738 2514; x_wconf 89' lang='lat' dir='ltr'><strong>ac</strong></span> <span class='ocrx_word' id='word_1_124' title='bbox 755 2444 879 2529; x_wconf 88' lang='lat' dir='ltr'><strong>tradit,</strong></span> <span class='ocrx_word' id='word_1_125' title='bbox 896 2444 972 2515; x_wconf 91' lang='lat' dir='ltr'><strong>eius</strong></span> <span class='ocrx_word' id='word_1_126' title='bbox 986 2445 1140 2513; x_wconf 87' lang='lat' dir='ltr'><strong>cadaver</strong></span> <span class='ocrx_word' id='word_1_127' title='bbox 1157 2466 1177 2512; x_wconf 92' lang='lat' dir='ltr'><strong>a</strong></span> 
     </span>
     <span class='ocr_line' id='line_1_22' title="bbox 194 2543 1094 2638; baseline 0.002 -23"><span class='ocrx_word' id='word_1_128' title='bbox 194 2544 355 2615; x_wconf 92' lang='lat' dir='ltr'><strong>Sertorio</strong></span> <span class='ocrx_word' id='word_1_129' title='bbox 371 2545 538 2617; x_wconf 86' lang='lat' dir='ltr'><strong>effossum</strong></span> <span class='ocrx_word' id='word_1_130' title='bbox 559 2547 741 2638; x_wconf 84' lang='lat' dir='ltr'><strong>sexaginta</strong></span> <span class='ocrx_word' id='word_1_131' title='bbox 758 2547 960 2616; x_wconf 90' lang='lat' dir='ltr'><strong>cubitorum</strong></span> <span class='ocrx_word' id='word_1_132' title='bbox 976 2543 1094 2617; x_wconf 77' lang='lat' dir='ltr'><strong>itnsse.</strong></span> 
     </span>
     <span class='ocr_line' id='line_1_23' title="bbox 294 2647 1180 2743; baseline -0.003 -25"><span class='ocrx_word' id='word_1_133' title='bbox 294 2648 478 2741; x_wconf 79' lang='lat' dir='ltr'><strong>Geryones</strong></span> <span class='ocrx_word' id='word_1_134' title='bbox 493 2647 657 2740; x_wconf 89' lang='lat' dir='ltr'><strong>regnavit</strong></span> <span class='ocrx_word' id='word_1_135' title='bbox 674 2649 712 2717; x_wconf 95' lang='lat' dir='ltr'><strong>in</strong></span> <span class='ocrx_word' id='word_1_136' title='bbox 733 2648 858 2719; x_wconf 88' lang='lat' dir='ltr'><strong>insulis</strong></span> <span class='ocrx_word' id='word_1_137' title='bbox 875 2647 1091 2743; x_wconf 85' lang='lat' dir='ltr'><strong>Hispaniae,</strong></span> <span class='ocrx_word' id='word_1_138' title='bbox 1115 2647 1180 2717; x_wconf 80' lang='lat' dir='ltr'><strong>ubi</strong></span> 
     </span>
     <span class='ocr_line' id='line_1_24' title="bbox 192 2749 1179 2843; baseline -0.002 -24"><span class='ocrx_word' id='word_1_139' title='bbox 192 2749 288 2819; x_wconf 87' lang='lat' dir='ltr'><strong>fama</strong></span> <span class='ocrx_word' id='word_1_140' title='bbox 313 2763 366 2821; x_wconf 86' lang='lat' dir='ltr'><strong>est</strong></span> <span class='ocrx_word' id='word_1_141' title='bbox 387 2763 525 2820; x_wconf 89' lang='lat' dir='ltr'><strong>tantam</strong></span> <span class='ocrx_word' id='word_1_142' title='bbox 551 2750 675 2843; x_wconf 90' lang='lat' dir='ltr'><strong>pabuli</strong></span> <span class='ocrx_word' id='word_1_143' title='bbox 695 2750 867 2821; x_wconf 88' lang='lat' dir='ltr'><strong>laetitiam</strong></span> <span class='ocrx_word' id='word_1_144' title='bbox 891 2775 985 2836; x_wconf 87' lang='lat' dir='ltr'><strong>esse,</strong></span> <span class='ocrx_word' id='word_1_145' title='bbox 1015 2761 1076 2834; x_wconf 94' lang='lat' dir='ltr'><strong>ut,</strong></span> <span class='ocrx_word' id='word_1_146' title='bbox 1108 2750 1179 2821; x_wconf 80' lang='lat' dir='ltr'><strong>nisi</strong></span> 
     </span>
     <span class='ocr_line' id='line_1_25' title="bbox 194 2850 1179 2946; baseline 0.001 -25"><span class='ocrx_word' id='word_1_147' title='bbox 194 2850 407 2923; x_wconf 81' lang='lat' dir='ltr'><strong>abstinentia</strong></span> <span class='ocrx_word' id='word_1_148' title='bbox 431 2853 649 2946; x_wconf 87' lang='lat' dir='ltr'><strong>impediatur</strong></span> <span class='ocrx_word' id='word_1_149' title='bbox 669 2852 814 2946; x_wconf 90' lang='lat' dir='ltr'><strong>sagina,</strong></span> <span class='ocrx_word' id='word_1_150' title='bbox 853 2877 982 2946; x_wconf 83' lang='lat' dir='ltr'><strong>pecora</strong></span> <span class='ocrx_word' id='word_1_151' title='bbox 1006 2876 1179 2945; x_wconf 87' lang='lat' dir='ltr'><strong>rumpan-</strong></span> 
     </span>
    </p>
   </div>
   <div class='ocr_carea' id='block_1_4' title="bbox 193 2955 1240 3458">
    <p class='ocr_par' dir='ltr' id='par_1_7' title="bbox 193 2955 1240 3458">
     <span class='ocr_line' id='line_1_26' title="bbox 193 2955 1240 3027; baseline 0.003 -5"><span class='ocrx_word' id='word_1_152' title='bbox 193 2968 270 3024; x_wconf 88' lang='lat' dir='ltr'><strong>tur:</strong></span> <span class='ocrx_word' id='word_1_153' title='bbox 298 2956 394 3026; x_wconf 90' lang='lat' dir='ltr'><strong>unde</strong></span> <span class='ocrx_word' id='word_1_154' title='bbox 411 2955 518 3025; x_wconf 87' lang='lat' dir='ltr'><strong>etiam</strong></span> <span class='ocrx_word' id='word_1_155' title='bbox 540 2967 703 3024; x_wconf 91' lang='lat' dir='ltr'><strong>armenta</strong></span> <span class='ocrx_word' id='word_1_156' title='bbox 726 2956 802 3027; x_wconf 91' lang='lat' dir='ltr'><strong>eius</strong></span> <span class='ocrx_word' id='word_1_157' title='bbox 821 2957 966 3027; x_wconf 82' lang='lat' dir='ltr'><strong>fuerunt</strong></span> <span class='ocrx_word' id='word_1_158' title='bbox 987 2966 1109 3024; x_wconf 90' lang='lat' dir='ltr'><strong>tantae</strong></span> <span class='ocrx_word' id='word_1_159' title='bbox 1127 2955 1179 3024; x_wconf 84' lang='lat' dir='ltr'><strong>ia·</strong></span> <span class='ocrx_word' id='word_1_160' title='bbox 1231 3008 1240 3025; x_wconf 87' lang='lat'><strong>.</strong></span> 
     </span>
     <span class='ocr_line' id='line_1_27' title="bbox 194 3054 1201 3151; baseline 0.003 -26"><span class='ocrx_word' id='word_1_161' title='bbox 194 3079 293 3142; x_wconf 88' lang='lat' dir='ltr'><strong>mae,</strong></span> <span class='ocrx_word' id='word_1_162' title='bbox 318 3070 360 3127; x_wconf 95' lang='lat' dir='ltr'><strong>ut</strong></span> <span class='ocrx_word' id='word_1_163' title='bbox 380 3054 570 3129; x_wconf 80' lang='lat' dir='ltr'><strong>Herculem</strong></span> <span class='ocrx_word' id='word_1_164' title='bbox 592 3082 635 3127; x_wconf 90' lang='lat' dir='ltr'><strong>ex</strong></span> <span class='ocrx_word' id='word_1_165' title='bbox 649 3056 801 3128; x_wconf 81' lang='lat' dir='ltr'><strong>Graecia</strong></span> <span class='ocrx_word' id='word_1_166' title='bbox 822 3060 977 3151; x_wconf 88' lang='lat' dir='ltr'><strong>praedae</strong></span> <span class='ocrx_word' id='word_1_167' title='bbox 1000 3057 1179 3149; x_wconf 90' lang='lat' dir='ltr'><strong>magnitu·</strong></span> <span class='ocrx_word' id='word_1_168' title='bbox 1200 3088 1201 3134; x_wconf 66' lang='lat' dir='ltr'><strong>t</strong></span> 
     </span>
     <span class='ocr_line' id='line_1_28' title="bbox 194 3155 1201 3253; baseline 0.001 -26"><span class='ocrx_word' id='word_1_169' title='bbox 194 3156 277 3227; x_wconf 91' lang='lat' dir='ltr'><strong>dine</strong></span> <span class='ocrx_word' id='word_1_170' title='bbox 308 3159 496 3230; x_wconf 84' lang='lat' dir='ltr'><strong>illexerint.</strong></span> <span class='ocrx_word' id='word_1_171' title='bbox 569 3156 601 3230; x_wconf 88' lang='lat' dir='ltr'><strong>Is</strong></span> <span class='ocrx_word' id='word_1_172' title='bbox 628 3160 776 3252; x_wconf 84' lang='lat' dir='ltr'><strong>fingitur</strong></span> <span class='ocrx_word' id='word_1_173' title='bbox 805 3162 985 3253; x_wconf 87' lang='lat' dir='ltr'><strong>tricorpor</strong></span> <span class='ocrx_word' id='word_1_174' title='bbox 1012 3155 1201 3230; x_wconf 41' lang='lat' dir='ltr'><strong>babuisse*</strong></span> 
     </span>
     <span class='ocr_line' id='line_1_29' title="bbox 195 3260 1201 3353; baseline 0.005 -24"><span class='ocrx_word' id='word_1_175' title='bbox 195 3271 266 3333; x_wconf 86' lang='lat' dir='ltr'><strong>tres</strong></span> <span class='ocrx_word' id='word_1_176' title='bbox 290 3261 448 3345; x_wconf 83' lang='lat' dir='ltr'><strong>animas,</strong></span> <span class='ocrx_word' id='word_1_177' title='bbox 473 3273 623 3353; x_wconf 91' lang='lat' dir='ltr'><strong>propter</strong></span> <span class='ocrx_word' id='word_1_178' title='bbox 641 3275 712 3332; x_wconf 86' lang='lat' dir='ltr'><strong>tres</strong></span> <span class='ocrx_word' id='word_1_179' title='bbox 734 3263 887 3345; x_wconf 86' lang='lat' dir='ltr'><strong>insulas,</strong></span> <span class='ocrx_word' id='word_1_180' title='bbox 919 3261 1084 3331; x_wconf 85' lang='lat' dir='ltr'><strong>videlicet</strong></span> <span class='ocrx_word' id='word_1_181' title='bbox 1108 3260 1201 3334; x_wconf 48' lang='lat' dir='ltr'><strong>Ba-¹</strong></span> 
     </span>
     <span class='ocr_line' id='line_1_30' title="bbox 194 3360 1201 3458; baseline 0.004 -29"><span class='ocrx_word' id='word_1_182' title='bbox 194 3360 363 3433; x_wconf 91' lang='lat' dir='ltr'><strong>learicam</strong></span> <span class='ocrx_word' id='word_1_183' title='bbox 378 3363 574 3448; x_wconf 90' lang='lat' dir='ltr'><strong>maiorem,</strong></span> <span class='ocrx_word' id='word_1_184' title='bbox 598 3363 800 3447; x_wconf 88' lang='lat' dir='ltr'><strong>minorem,</strong></span> <span class='ocrx_word' id='word_1_185' title='bbox 825 3377 860 3435; x_wconf 91' lang='lat' dir='ltr'><strong>et</strong></span> <span class='ocrx_word' id='word_1_186' title='bbox 876 3362 1056 3449; x_wconf 78' lang='lat' dir='ltr'><strong>Eburum,</strong></span> <span class='ocrx_word' id='word_1_187' title='bbox 1089 3387 1201 3458; x_wconf 81' lang='lat' dir='ltr'><strong>quas</strong></span> 
     </span>
    </p>
   </div>
   <div class='ocr_carea' id='block_1_5' title="bbox 192 3463 1201 3994">
    <p class='ocr_par' dir='ltr' id='par_1_8' title="bbox 192 3463 1179 3969">
     <span class='ocr_line' id='line_1_31' title="bbox 196 3463 1179 3559; baseline 0 -26"><span class='ocrx_word' id='word_1_188' title='bbox 196 3487 275 3535; x_wconf 91' lang='lat' dir='ltr'><strong>cum</strong></span> <span class='ocrx_word' id='word_1_189' title='bbox 295 3465 465 3537; x_wconf 83' lang='lat' dir='ltr'><strong>fratribus</strong></span> <span class='ocrx_word' id='word_1_190' title='bbox 484 3489 634 3538; x_wconf 85' lang='lat' dir='ltr'><strong>concors</strong></span> <span class='ocrx_word' id='word_1_191' title='bbox 657 3467 783 3538; x_wconf 89' lang='lat' dir='ltr'><strong>tenuit.</strong></span> <span class='ocrx_word' id='word_1_192' title='bbox 848 3465 965 3537; x_wconf 87' lang='lat' dir='ltr'><strong>Erant</strong></span> <span class='ocrx_word' id='word_1_193' title='bbox 995 3465 1093 3536; x_wconf 92' lang='lat' dir='ltr'><strong>enim</strong></span> <span class='ocrx_word' id='word_1_194' title='bbox 1121 3463 1179 3559; x_wconf 87' lang='lat' dir='ltr'><strong>(ut</strong></span> 
     </span>
     <span class='ocr_line' id='line_1_32' title="bbox 193 3561 1179 3661; baseline 0.005 -29"><span class='ocrx_word' id='word_1_195' title='bbox 193 3561 347 3639; x_wconf 86' lang='lat' dir='ltr'><strong>lustinus</strong></span> <span class='ocrx_word' id='word_1_196' title='bbox 362 3567 501 3661; x_wconf 91' lang='lat' dir='ltr'><strong>scribit)</strong></span> <span class='ocrx_word' id='word_1_197' title='bbox 515 3581 586 3638; x_wconf 92' lang='lat' dir='ltr'><strong>tres</strong></span> <span class='ocrx_word' id='word_1_198' title='bbox 600 3569 729 3640; x_wconf 82' lang='lat' dir='ltr'><strong>iratres</strong></span> <span class='ocrx_word' id='word_1_199' title='bbox 742 3581 841 3638; x_wconf 91' lang='lat' dir='ltr'><strong>tanta</strong></span> <span class='ocrx_word' id='word_1_200' title='bbox 856 3569 951 3638; x_wconf 91' lang='lat' dir='ltr'><strong>inter</strong></span> <span class='ocrx_word' id='word_1_201' title='bbox 968 3594 1005 3639; x_wconf 89' lang='lat' dir='ltr'><strong>se</strong></span> <span class='ocrx_word' id='word_1_202' title='bbox 1032 3591 1179 3638; x_wconf 91' lang='lat' dir='ltr'><strong>concor-</strong></span> 
     </span>
     <span class='ocr_line' id='line_1_33' title="bbox 192 3669 1064 3753; baseline 0.008 -18"><span class='ocrx_word' id='word_1_203' title='bbox 192 3669 272 3753; x_wconf 92' lang='lat' dir='ltr'><strong>dia,</strong></span> <span class='ocrx_word' id='word_1_204' title='bbox 298 3683 339 3739; x_wconf 93' lang='lat' dir='ltr'><strong>ut</strong></span> <span class='ocrx_word' id='word_1_205' title='bbox 354 3683 445 3740; x_wconf 87' lang='lat' dir='ltr'><strong>esset</strong></span> <span class='ocrx_word' id='word_1_206' title='bbox 458 3693 529 3739; x_wconf 90' lang='lat' dir='ltr'><strong>una</strong></span> <span class='ocrx_word' id='word_1_207' title='bbox 547 3682 582 3739; x_wconf 90' lang='lat' dir='ltr'><strong>et</strong></span> <span class='ocrx_word' id='word_1_208' title='bbox 600 3673 724 3738; x_wconf 89' lang='lat' dir='ltr'><strong>eadem</strong></span> <span class='ocrx_word' id='word_1_209' title='bbox 743 3695 867 3740; x_wconf 89' lang='lat' dir='ltr'><strong>eorum</strong></span> <span class='ocrx_word' id='word_1_210' title='bbox 884 3670 1064 3743; x_wconf 88' lang='lat' dir='ltr'><strong>voluntas.</strong></span> 
     </span>
     <span class='ocr_line' id='line_1_34' title="bbox 294 3766 1178 3865; baseline 0.001 -27"><span class='ocrx_word' id='word_1_211' title='bbox 294 3766 501 3863; x_wconf 88' lang='lat' dir='ltr'><strong>lovinianus</strong></span> <span class='ocrx_word' id='word_1_212' title='bbox 515 3768 727 3840; x_wconf 85' lang='lat' dir='ltr'><strong>Pontanus</strong></span> <span class='ocrx_word' id='word_1_213' title='bbox 716 3796 755 3839; x_wconf 86' lang='grc' dir='ltr'><strong>ιιι</strong></span> <span class='ocrx_word' id='word_1_214' title='bbox 772 3772 957 3862; x_wconf 92' lang='lat' dir='ltr'><strong>prooemio</strong></span> <span class='ocrx_word' id='word_1_215' title='bbox 972 3771 1057 3842; x_wconf 91' lang='lat' dir='ltr'><strong>libri</strong></span> <span class='ocrx_word' id='word_1_216' title='bbox 1071 3772 1178 3865; x_wconf 86' lang='lat' dir='ltr'><strong>septi-</strong></span> 
     </span>
     <span class='ocr_line' id='line_1_35' title="bbox 193 3868 1201 3994; baseline 0.006 -57"><span class='ocrx_word' id='word_1_217' title='bbox 193 3868 248 3937; x_wconf 90' lang='lat' dir='ltr'><strong>mi</strong></span> <span class='ocrx_word' id='word_1_218' title='bbox 267 3871 311 3939; x_wconf 94' lang='lat' dir='ltr'><strong>de</strong></span> <span class='ocrx_word' id='word_1_219' title='bbox 335 3873 441 3941; x_wconf 87' lang='lat' dir='ltr'><strong>rebus</strong></span> <span class='ocrx_word' id='word_1_220' title='bbox 464 3872 692 3955; x_wconf 89' lang='lat' dir='ltr'><strong>coelestibus,</strong></span> <span class='ocrx_word' id='word_1_221' title='bbox 716 3871 874 3941; x_wconf 80' lang='lat' dir='ltr'><strong>fabulam</strong></span> <span class='ocrx_word' id='word_1_222' title='bbox 893 3873 1071 3994; x_wconf 76' lang='lat' dir='ltr'><strong>Geryonis</strong></span> <span class='ocrx_word' id='word_1_223' title='bbox 1088 3870 1201 3994; x_wconf 89' lang='lat' dir='ltr'><strong>phy-</strong></span> 
     </span>
    </p>
   </div>
   <div class='ocr_carea' id='block_1_6' title="bbox 190 3968 1255 4071">
    <p class='ocr_par' dir='ltr' id='par_1_9' title="bbox 190 3968 1255 4071">
     <span class='ocr_line' id='line_1_36' title="bbox 190 3968 1255 4071; baseline 0.005 -29"><span class='ocrx_word' id='word_1_224' title='bbox 190 3970 263 4042; x_wconf 87' lang='lat' dir='ltr'><strong>sice</strong></span> <span class='ocrx_word' id='word_1_225' title='bbox 279 3970 328 4040; x_wconf 89' lang='lat' dir='ltr'><strong>ita</strong></span> <span class='ocrx_word' id='word_1_226' title='bbox 353 3972 514 4063; x_wconf 83' lang='lat' dir='ltr'><strong>exponit:</strong></span> <span class='ocrx_word' id='word_1_227' title='bbox 549 3972 682 4042; x_wconf 90' lang='lat' dir='ltr'><strong>Poetae</strong></span> <span class='ocrx_word' id='word_1_228' title='bbox 706 3968 882 4071; x_wconf 88' lang='lat' dir='ltr'><strong>(inquit),</strong></span> <span class='ocrx_word' id='word_1_229' title='bbox 915 3976 978 4069; x_wconf 91' lang='lat' dir='ltr'><strong>qui</strong></span> <span class='ocrx_word' id='word_1_230' title='bbox 1000 3976 1108 4069; x_wconf 92' lang='lat' dir='ltr'><strong>primi</strong></span> <span class='ocrx_word' id='word_1_231' title='bbox 1133 3978 1177 4047; x_wconf 90' lang='lat' dir='ltr'><strong>de</strong></span> <span class='ocrx_word' id='word_1_232' title='bbox 1245 4030 1255 4047; x_wconf 92' lang='lat'><strong>.</strong></span> 
     </span>
    </p>
   </div>
   <div class='ocr_carea' id='block_1_7' title="bbox 190 4074 1177 4582">
    <p class='ocr_par' dir='ltr' id='par_1_10' title="bbox 190 4074 1177 4582">
     <span class='ocr_line' id='line_1_37' title="bbox 190 4074 1176 4174; baseline 0.007 -33"><span class='ocrx_word' id='word_1_233' title='bbox 190 4084 322 4143; x_wconf 88' lang='lat' dir='ltr'><strong>natura</strong></span> <span class='ocrx_word' id='word_1_234' title='bbox 353 4097 475 4144; x_wconf 89' lang='lat' dir='ltr'><strong>rerum</strong></span> <span class='ocrx_word' id='word_1_235' title='bbox 504 4098 572 4167; x_wconf 96' lang='lat' dir='ltr'><strong>per</strong></span> <span class='ocrx_word' id='word_1_236' title='bbox 599 4074 837 4147; x_wconf 80' lang='lat' dir='ltr'><strong>fabulationes</strong></span> <span class='ocrx_word' id='word_1_237' title='bbox 866 4077 969 4171; x_wconf 90' lang='lat' dir='ltr'><strong>quasi</strong></span> <span class='ocrx_word' id='word_1_238' title='bbox 1005 4080 1176 4174; x_wconf 89' lang='lat' dir='ltr'><strong>quasdam</strong></span> 
     </span>
     <span class='ocr_line' id='line_1_38' title="bbox 192 4173 1177 4275; baseline 0.003 -28"><span class='ocrx_word' id='word_1_239' title='bbox 192 4173 378 4268; x_wconf 71' lang='lat' dir='ltr'><strong>scripsere,</strong></span> <span class='ocrx_word' id='word_1_240' title='bbox 403 4174 509 4247; x_wconf 86' lang='lat' dir='ltr'><strong>Petre</strong></span> <span class='ocrx_word' id='word_1_241' title='bbox 521 4175 669 4261; x_wconf 88' lang='lat' dir='ltr'><strong>Bembe</strong></span> <span class='ocrx_word' id='word_1_242' title='bbox 685 4178 835 4247; x_wconf 89' lang='lat' dir='ltr'><strong>tradunt</strong></span> <span class='ocrx_word' id='word_1_243' title='bbox 844 4178 1048 4273; x_wconf 88' lang='lat' dir='ltr'><strong>Geryonem</strong></span> <span class='ocrx_word' id='word_1_244' title='bbox 1067 4206 1177 4275; x_wconf 89' lang='lat' dir='ltr'><strong>quen-</strong></span> 
     </span>
     <span class='ocr_line' id='line_1_39' title="bbox 192 4278 1177 4399; baseline 0.009 -53"><span class='ocrx_word' id='word_1_245' title='bbox 192 4278 277 4347; x_wconf 89' lang='lat' dir='ltr'><strong>dam</strong></span> <span class='ocrx_word' id='word_1_246' title='bbox 307 4290 516 4399; x_wconf 78' lang='lat' dir='ltr'><strong>regnantem</strong></span> <span class='ocrx_word' id='word_1_247' title='bbox 544 4281 591 4349; x_wconf 88' lang='lat' dir='ltr'><strong>ad</strong></span> <span class='ocrx_word' id='word_1_248' title='bbox 622 4279 855 4373; x_wconf 90' lang='lat' dir='ltr'><strong>Hispanicum</strong></span> <span class='ocrx_word' id='word_1_249' title='bbox 888 4281 1075 4353; x_wconf 89' lang='lat' dir='ltr'><strong>Oceanum</strong></span> <span class='ocrx_word' id='word_1_250' title='bbox 1106 4294 1177 4355; x_wconf 88' lang='lat' dir='ltr'><strong>tres</strong></span> 
     </span>
     <span class='ocr_line' id='line_1_40' title="bbox 192 4377 1177 4503; baseline 0.007 -55"><span class='ocrx_word' id='word_1_251' title='bbox 192 4378 349 4464; x_wconf 90' lang='lat' dir='ltr'><strong>animas,</strong></span> <span class='ocrx_word' id='word_1_252' title='bbox 374 4381 443 4451; x_wconf 85' lang='lat' dir='ltr'><strong>tria</strong></span> <span class='ocrx_word' id='word_1_253' title='bbox 460 4382 567 4451; x_wconf 89' lang='lat' dir='ltr'><strong>etiam</strong></span> <span class='ocrx_word' id='word_1_254' title='bbox 572 4406 738 4503; x_wconf 39' lang='lat' dir='ltr'><strong>..corpora</strong></span> <span class='ocrx_word' id='word_1_255' title='bbox 754 4377 939 4470; x_wconf 90' lang='lat' dir='ltr'><strong>babuisse,</strong></span> <span class='ocrx_word' id='word_1_256' title='bbox 963 4382 1090 4482; x_wconf 88' lang='lat' dir='ltr'><strong>bisque</strong></span> <span class='ocrx_word' id='word_1_257' title='bbox 1113 4386 1177 4455; x_wconf 92' lang='lat' dir='ltr'><strong>tri-</strong></span> 
     </span>
     <span class='ocr_line' id='line_1_41' title="bbox 190 4482 1177 4582; baseline 0.007 -29"><span class='ocrx_word' id='word_1_258' title='bbox 190 4482 258 4554; x_wconf 83' lang='lat' dir='ltr'><strong>bus</strong></span> <span class='ocrx_word' id='word_1_259' title='bbox 272 4483 378 4554; x_wconf 82' lang='lat' dir='ltr'><strong>fuisse</strong></span> <span class='ocrx_word' id='word_1_260' title='bbox 394 4509 516 4557; x_wconf 90' lang='lat' dir='ltr'><strong>usum:</strong></span> <span class='ocrx_word' id='word_1_261' title='bbox 543 4485 716 4556; x_wconf 88' lang='lat' dir='ltr'><strong>nimirum</strong></span> <span class='ocrx_word' id='word_1_262' title='bbox 735 4485 864 4580; x_wconf 83' lang='lat' dir='ltr'><strong>triplex</strong></span> <span class='ocrx_word' id='word_1_263' title='bbox 878 4487 1040 4580; x_wconf 88' lang='lat' dir='ltr'><strong>corporis</strong></span> <span class='ocrx_word' id='word_1_264' title='bbox 1054 4512 1177 4582; x_wconf 87' lang='lat' dir='ltr'><strong>genus,</strong></span> 
     </span>
    </p>
   </div>
   <div class='ocr_carea' id='block_1_8' title="bbox 191 4583 2213 4741">
    <p class='ocr_par' dir='ltr' id='par_1_11' title="bbox 191 4583 2213 4741">
     <span class='ocr_line' id='line_1_42' title="bbox 191 4583 2213 4741; baseline 0.022 -90"><span class='ocrx_word' id='word_1_265' title='bbox 191 4583 321 4677; x_wconf 83' lang='lat' dir='ltr'><strong>triplex</strong></span> <span class='ocrx_word' id='word_1_266' title='bbox 343 4586 450 4655; x_wconf 92' lang='lat' dir='ltr'><strong>etiam</strong></span> <span class='ocrx_word' id='word_1_267' title='bbox 471 4589 613 4658; x_wconf 92' lang='lat' dir='ltr'><strong>animae</strong></span> <span class='ocrx_word' id='word_1_268' title='bbox 635 4613 769 4680; x_wconf 88' lang='lat' dir='ltr'><strong>genus,</strong></span> <span class='ocrx_word' id='word_1_269' title='bbox 809 4590 968 4663; x_wconf 87' lang='lat' dir='ltr'><strong>mirificis</strong></span> <span class='ocrx_word' id='word_1_270' title='bbox 994 4586 1051 4662; x_wconf 89' lang='lat' dir='ltr'><strong>bis</strong></span> <span class='ocrx_word' id='word_1_271' title='bbox 1073 4591 1176 4663; x_wconf 87' lang='lat' dir='ltr'><strong>dictis</strong></span> <span class='ocrx_word' id='word_1_272' title='bbox 1225 4643 1301 4724; x_wconf 57' lang='lat' dir='ltr'><strong>ria</strong></span> <span class='ocrx_word' id='word_1_273' title='bbox 1328 4655 1364 4713; x_wconf 58' lang='lat' dir='ltr'><strong>et</strong></span> <span class='ocrx_word' id='word_1_274' title='bbox 1385 4643 1747 4737; x_wconf 56' lang='lat' dir='ltr'><strong>Geryonqsnomme</strong></span> <span class='ocrx_word' id='word_1_275' title='bbox 1779 4639 1944 4737; x_wconf 58' lang='lat' dir='ltr'><strong>hyemem</strong></span> <span class='ocrx_word' id='word_1_276' title='bbox 1966 4667 1986 4711; x_wconf 64' lang='lat' dir='ltr'>a</span> <span class='ocrx_word' id='word_1_277' title='bbox 2009 4642 2123 4713; x_wconf 61' lang='lat' dir='ltr'>verbo</span> <span class='ocrx_word' id='word_1_278' title='bbox 2143 4667 2213 4741; x_wconf 60' lang='grc' dir='ltr'><strong>γη.</strong></span> 
     </span>
    </p>
   </div>
   <div class='ocr_carea' id='block_1_9' title="bbox 191 4684 1177 5087">
    <p class='ocr_par' dir='ltr' id='par_1_12' title="bbox 191 4684 1177 5087">
     <span class='ocr_line' id='line_1_43' title="bbox 191 4684 1177 4786; baseline 0.009 -31"><span class='ocrx_word' id='word_1_279' title='bbox 191 4684 342 4756; x_wconf 91' lang='lat' dir='ltr'><strong>innuere</strong></span> <span class='ocrx_word' id='word_1_280' title='bbox 365 4688 566 4759; x_wconf 85' lang='lat' dir='ltr'><strong>voluerunt.</strong></span> <span class='ocrx_word' id='word_1_281' title='bbox 633 4690 817 4785; x_wconf 87' lang='lat' dir='ltr'><strong>Siquidem</strong></span> <span class='ocrx_word' id='word_1_282' title='bbox 843 4718 954 4786; x_wconf 89' lang='lat' dir='ltr'><strong>genus</strong></span> <span class='ocrx_word' id='word_1_283' title='bbox 983 4719 1097 4766; x_wconf 92' lang='lat' dir='ltr'><strong>unum</strong></span> <span class='ocrx_word' id='word_1_284' title='bbox 1124 4707 1177 4765; x_wconf 89' lang='lat' dir='ltr'><strong>est</strong></span> 
     </span>
     <span class='ocr_line' id='line_1_44' title="bbox 193 4786 1176 4918; baseline 0.008 -61"><span class='ocrx_word' id='word_1_285' title='bbox 193 4787 373 4880; x_wconf 89' lang='lat' dir='ltr'><strong>corporis,</strong></span> <span class='ocrx_word' id='word_1_286' title='bbox 399 4790 592 4874; x_wconf 91' lang='lat' dir='ltr'><strong>arborum,</strong></span> <span class='ocrx_word' id='word_1_287' title='bbox 616 4786 882 4891; x_wconf 87' lang='lat' dir='ltr'><strong>herbarumque</strong></span> <span class='ocrx_word' id='word_1_288' title='bbox 896 4797 1099 4918; x_wconf 87' lang='lat' dir='ltr'><strong>proprium,</strong></span> <span class='ocrx_word' id='word_1_289' title='bbox 1123 4797 1176 4866; x_wconf 92' lang='lat' dir='ltr'><strong>id·</strong></span> 
     </span>
     <span class='ocr_line' id='line_1_45' title="bbox 192 4889 1177 5010; baseline 0.011 -53"><span class='ocrx_word' id='word_1_290' title='bbox 192 4914 299 5010; x_wconf 81' lang='lat' dir='ltr'><strong>quea</strong></span> <span class='ocrx_word' id='word_1_291' title='bbox 322 4889 544 5009; x_wconf 78' lang='lat' dir='ltr'><strong>vegetatione</strong></span> <span class='ocrx_word' id='word_1_292' title='bbox 564 4891 711 4988; x_wconf 90' lang='lat' dir='ltr'><strong>solaque</strong></span> <span class='ocrx_word' id='word_1_293' title='bbox 735 4898 896 4988; x_wconf 88' lang='lat' dir='ltr'><strong>corporis</strong></span> <span class='ocrx_word' id='word_1_294' title='bbox 917 4900 1028 4992; x_wconf 83' lang='lat' dir='ltr'><strong>ipsine</strong></span> <span class='ocrx_word' id='word_1_295' title='bbox 1049 4901 1177 4973; x_wconf 91' lang='lat' dir='ltr'><strong>alimo-</strong></span> 
     </span>
     <span class='ocr_line' id='line_1_46' title="bbox 191 4992 1177 5087; baseline 0.01 -26"><span class='ocrx_word' id='word_1_296' title='bbox 191 4993 253 5061; x_wconf 91' lang='lat' dir='ltr'><strong>nia</strong></span> <span class='ocrx_word' id='word_1_297' title='bbox 268 5006 376 5087; x_wconf 89' lang='lat' dir='ltr'><strong>atque</strong></span> <span class='ocrx_word' id='word_1_298' title='bbox 391 4992 609 5064; x_wconf 87' lang='lat' dir='ltr'><strong>enutritione</strong></span> <span class='ocrx_word' id='word_1_299' title='bbox 623 4996 829 5087; x_wconf 87' lang='lat' dir='ltr'><strong>vegetabile·</strong></span> <span class='ocrx_word' id='word_1_300' title='bbox 839 5000 974 5073; x_wconf 89' lang='lat' dir='ltr'><strong>dictum</strong></span> <span class='ocrx_word' id='word_1_301' title='bbox 998 5016 1068 5085; x_wconf 71' lang='lat' dir='ltr'><strong>ests</strong></span> <span class='ocrx_word' id='word_1_302' title='bbox 1101 5003 1177 5073; x_wconf 90' lang='lat' dir='ltr'><strong>ani-</strong></span> 
     </span>
    </p>
   </div>
   <div class='ocr_carea' id='block_1_10' title="bbox 192 5149 390 5166">
    <p class='ocr_par' dir='ltr' id='par_1_13' title="bbox 192 5149 390 5166">
     <span class='ocr_line' id='line_1_47' title="bbox 192 5149 390 5166; baseline 0.02 -5"><span class='ocrx_word' id='word_1_303' title='bbox 192 5149 390 5166; x_wconf 59' lang='lat' dir='ltr'><strong>—m-—t-</strong></span> 
     </span>
    </p>
   </div>
   <div class='ocr_carea' id='block_1_11' title="bbox 226 5236 1173 5373">
    <p class='ocr_par' dir='ltr' id='par_1_14' title="bbox 226 5236 1173 5373">
     <span class='ocr_line' id='line_1_48' title="bbox 226 5236 1173 5316; baseline 0.019 -30"><span class='ocrx_word' id='word_1_304' title='bbox 226 5236 276 5295; x_wconf 76' lang='lat'><strong>³9)</strong></span> <span class='ocrx_word' id='word_1_305' title='bbox 300 5240 441 5305; x_wconf 72' lang='lat' dir='ltr'><strong>conputare</strong></span> <span class='ocrx_word' id='word_1_306' title='bbox 458 5242 578 5304; x_wconf 63' lang='lat' dir='ltr'><strong>tertiato]</strong></span> <span class='ocrx_word' id='word_1_307' title='bbox 605 5241 647 5291; x_wconf 84' lang='lat' dir='ltr'><strong>sic</strong></span> <span class='ocrx_word' id='word_1_308' title='bbox 670 5244 755 5297; x_wconf 80' lang='lat' dir='ltr'><strong>notu</strong></span> <span class='ocrx_word' id='word_1_309' title='bbox 783 5246 873 5311; x_wconf 57' lang='lat' dir='ltr'><strong>tots„</strong></span> <span class='ocrx_word' id='word_1_310' title='bbox 901 5250 993 5316; x_wconf 51' lang='lat' dir='ltr'><strong>stota</strong></span> <span class='ocrx_word' id='word_1_311' title='bbox 1017 5252 1096 5306; x_wconf 78' lang='lat' dir='ltr'><strong>ovid.</strong></span> <span class='ocrx_word' id='word_1_312' title='bbox 1124 5255 1173 5304; x_wconf 74' lang='lat' dir='ltr'><strong>Ed.</strong></span> 
     </span>
     <span class='ocr_line' id='line_1_49' title="bbox 261 5305 626 5373; baseline 0.028 -20"><span class='ocrx_word' id='word_1_313' title='bbox 261 5305 372 5360; x_wconf 80' lang='lat' dir='ltr'><strong>ttttsot.</strong></span> <span class='ocrx_word' id='word_1_314' title='bbox 390 5310 495 5373; x_wconf 69' lang='lat' dir='ltr'><strong>tempta</strong></span> <span class='ocrx_word' id='word_1_315' title='bbox 513 5322 626 5363; x_wconf 73' lang='lat' dir='ltr'><strong>cruore</strong></span> 
     </span>
    </p>
   </div>
   <div class='ocr_carea' id='block_1_12' title="bbox 225 5388 984 5536">
    <p class='ocr_par' dir='ltr' id='par_1_15' title="bbox 225 5388 984 5536">
     <span class='ocr_line' id='line_1_50' title="bbox 225 5388 984 5458; baseline 0.02 -16"><span class='ocrx_word' id='word_1_316' title='bbox 225 5388 274 5456; x_wconf 74' lang='grc' dir='ltr'><strong>ιο)</strong></span> <span class='ocrx_word' id='word_1_317' title='bbox 293 5393 418 5455; x_wconf 75' lang='lat' dir='ltr'><strong>sophoct.</strong></span> <span class='ocrx_word' id='word_1_318' title='bbox 437 5395 562 5448; x_wconf 73' lang='grc' dir='ltr'><strong>τιιιιιιιι.</strong></span> <span class='ocrx_word' id='word_1_319' title='bbox 582 5396 775 5452; x_wconf 67' lang='grc' dir='ltr'><strong>ιθιι-ιιιι.</strong></span> <span class='ocrx_word' id='word_1_320' title='bbox 795 5400 844 5458; x_wconf 76' lang='lat' dir='ltr'><strong>td.</strong></span> <span class='ocrx_word' id='word_1_321' title='bbox 863 5403 984 5457; x_wconf 80' lang='grc' dir='ltr'><strong>Ιιιιιιοιι.</strong></span> 
     </span>
     <span class='ocr_line' id='line_1_51' title="bbox 225 5477 722 5536; baseline 0.016 -9"><span class='ocrx_word' id='word_1_322' title='bbox 225 5480 274 5536; x_wconf 76' lang='grc' dir='ltr'><strong>ιι)</strong></span> <span class='ocrx_word' id='word_1_323' title='bbox 293 5477 431 5533; x_wconf 77' lang='lat' dir='ltr'><strong>Plutarch.</strong></span> <span class='ocrx_word' id='word_1_324' title='bbox 450 5480 508 5530; x_wconf 77' lang='lat' dir='ltr'><strong>vita</strong></span> <span class='ocrx_word' id='word_1_325' title='bbox 524 5482 641 5533; x_wconf 75' lang='lat' dir='ltr'><strong>Sertorii</strong></span> <span class='ocrx_word' id='word_1_326' title='bbox 659 5497 682 5536; x_wconf 90' lang='lat' dir='ltr'><strong>c.</strong></span> <span class='ocrx_word' id='word_1_327' title='bbox 696 5485 722 5536; x_wconf 74' lang='grc'><strong>9.</strong></span> 
     </span>
    </p>
   </div>
   <div class='ocr_carea' id='block_1_13' title="bbox 192 5566 727 5631">
    <p class='ocr_par' dir='ltr' id='par_1_16' title="bbox 192 5566 727 5631">
     <span class='ocr_line' id='line_1_52' title="bbox 192 5566 727 5631; baseline 0.006 -3"><span class='ocrx_word' id='word_1_328' title='bbox 192 5566 377 5629; x_wconf 62' lang='grc' dir='ltr'><strong>Μιιιιιιιιιι.</strong></span> <span class='ocrx_word' id='word_1_329' title='bbox 399 5566 506 5631; x_wconf 79' lang='lat' dir='ltr'><strong>Orno.</strong></span> <span class='ocrx_word' id='word_1_330' title='bbox 531 5566 616 5631; x_wconf 69' lang='lat' dir='ltr'><strong>Vol..</strong></span> <span class='ocrx_word' id='word_1_331' title='bbox 637 5568 727 5631; x_wconf 78' lang='lat' dir='ltr'><strong>xix.</strong></span> 
     </span>
    </p>
   </div>
   <div class='ocr_carea' id='block_1_14' title="bbox 517 282 1894 361">
    <p class='ocr_par' dir='ltr' id='par_1_17' title="bbox 517 282 1894 361">
     <span class='ocr_line' id='line_1_53' title="bbox 517 282 1894 361; baseline 0.001 -6"><span class='ocrx_word' id='word_1_332' title='bbox 517 282 605 358; x_wconf 84' lang='lat' dir='ltr'><strong>XCl.</strong></span> <span class='ocrx_word' id='word_1_333' title='bbox 664 283 947 359; x_wconf 83' lang='lat' dir='ltr'><strong>ENARRATlO</strong></span> <span class='ocrx_word' id='word_1_334' title='bbox 981 283 1112 356; x_wconf 82' lang='lat' dir='ltr'><strong>LlBlil</strong></span> <span class='ocrx_word' id='word_1_335' title='bbox 1135 283 1194 358; x_wconf 78' lang='lat' dir='ltr'><strong>IX.</strong></span> <span class='ocrx_word' id='word_1_336' title='bbox 1226 283 1702 361; x_wconf 74' lang='lat' dir='ltr'><strong>uurauonrflosuott</strong></span> <span class='ocrx_word' id='word_1_337' title='bbox 1735 282 1894 357; x_wconf 89' lang='lat' dir='ltr'><strong>OVlDll.</strong></span> 
     </span>
    </p>
   </div>
   <div class='ocr_carea' id='block_1_15' title="bbox 2137 285 2214 361">
    <p class='ocr_par' dir='ltr' id='par_1_18' title="bbox 2137 285 2214 361">
     <span class='ocr_line' id='line_1_54' title="bbox 2137 285 2214 361; baseline -0.013 0"><span class='ocrx_word' id='word_1_338' title='bbox 2137 285 2214 361; x_wconf 78' lang='grc'><strong>694</strong></span> 
     </span>
    </p>
   </div>
   <div class='ocr_carea' id='block_1_16' title="bbox 1230 452 2216 1467">
    <p class='ocr_par' dir='ltr' id='par_1_19' title="bbox 1230 452 2216 1467">
     <span class='ocr_line' id='line_1_55' title="bbox 1231 452 2214 552; baseline 0.001 -26"><span class='ocrx_word' id='word_1_339' title='bbox 1231 479 1383 552; x_wconf 89' lang='lat' dir='ltr'><strong>maeque</strong></span> <span class='ocrx_word' id='word_1_340' title='bbox 1407 452 1515 527; x_wconf 88' lang='lat' dir='ltr'><strong>huius</strong></span> <span class='ocrx_word' id='word_1_341' title='bbox 1539 455 1636 527; x_wconf 91' lang='lat' dir='ltr'><strong>aliud</strong></span> <span class='ocrx_word' id='word_1_342' title='bbox 1659 457 1814 527; x_wconf 87' lang='lat' dir='ltr'><strong>officium</strong></span> <span class='ocrx_word' id='word_1_343' title='bbox 1838 470 1892 527; x_wconf 87' lang='lat' dir='ltr'><strong>est</strong></span> <span class='ocrx_word' id='word_1_344' title='bbox 1912 454 2072 536; x_wconf 89' lang='lat' dir='ltr'><strong>nullum,</strong></span> <span class='ocrx_word' id='word_1_345' title='bbox 2112 481 2214 549; x_wconf 90' lang='lat' dir='ltr'><strong>prae·</strong></span> 
     </span>
     <span class='ocr_line' id='line_1_56' title="bbox 1231 553 2215 654; baseline 0.001 -25"><span class='ocrx_word' id='word_1_346' title='bbox 1231 572 1397 654; x_wconf 82' lang='lat' dir='ltr'><strong>terquam</strong></span> <span class='ocrx_word' id='word_1_347' title='bbox 1423 559 1599 629; x_wconf 84' lang='lat' dir='ltr'><strong>educatio.</strong></span> <span class='ocrx_word' id='word_1_348' title='bbox 1648 555 1728 650; x_wconf 86' lang='lat' dir='ltr'><strong>lpsa</strong></span> <span class='ocrx_word' id='word_1_349' title='bbox 1745 559 1820 630; x_wconf 89' lang='lat' dir='ltr'><strong>sola</strong></span> <span class='ocrx_word' id='word_1_350' title='bbox 1835 557 1902 629; x_wconf 92' lang='lat' dir='ltr'><strong>soli</strong></span> <span class='ocrx_word' id='word_1_351' title='bbox 1922 557 2030 628; x_wconf 91' lang='lat' dir='ltr'><strong>etiam</strong></span> <span class='ocrx_word' id='word_1_352' title='bbox 2053 553 2215 630; x_wconf 87' lang='lat' dir='ltr'><strong>inhaeret</strong></span> 
     </span>
     <span class='ocr_line' id='line_1_57' title="bbox 1231 660 2216 756; baseline 0.001 -25"><span class='ocrx_word' id='word_1_353' title='bbox 1231 660 1396 753; x_wconf 86' lang='lat' dir='ltr'><strong>corpori,</strong></span> <span class='ocrx_word' id='word_1_354' title='bbox 1432 684 1550 754; x_wconf 88' lang='lat' dir='ltr'><strong>neque</strong></span> <span class='ocrx_word' id='word_1_355' title='bbox 1574 674 1672 730; x_wconf 87' lang='lat' dir='ltr'><strong>extra</strong></span> <span class='ocrx_word' id='word_1_356' title='bbox 1697 684 1734 732; x_wconf 91' lang='lat' dir='ltr'><strong>se</strong></span> <span class='ocrx_word' id='word_1_357' title='bbox 1757 660 1950 756; x_wconf 85' lang='lat' dir='ltr'><strong>quicquam</strong></span> <span class='ocrx_word' id='word_1_358' title='bbox 1973 672 2114 744; x_wconf 89' lang='lat' dir='ltr'><strong>movet,</strong></span> <span class='ocrx_word' id='word_1_359' title='bbox 2146 660 2216 732; x_wconf 82' lang='lat' dir='ltr'><strong>uisi</strong></span> 
     </span>
     <span class='ocr_line' id='line_1_58' title="bbox 1232 763 2215 858; baseline 0.001 -24"><span class='ocrx_word' id='word_1_360' title='bbox 1232 775 1407 857; x_wconf 80' lang='lat' dir='ltr'><strong>qnantum</strong></span> <span class='ocrx_word' id='word_1_361' title='bbox 1420 788 1543 834; x_wconf 85' lang='lat' dir='ltr'><strong>succos</strong></span> <span class='ocrx_word' id='word_1_362' title='bbox 1556 763 1672 855; x_wconf 86' lang='lat' dir='ltr'><strong>ipsos,</strong></span> <span class='ocrx_word' id='word_1_363' title='bbox 1698 764 1862 858; x_wconf 87' lang='lat' dir='ltr'><strong>equibus</strong></span> <span class='ocrx_word' id='word_1_364' title='bbox 1878 772 2085 854; x_wconf 78' lang='lat' dir='ltr'><strong>vegetatur,</strong></span> <span class='ocrx_word' id='word_1_365' title='bbox 2111 765 2158 833; x_wconf 87' lang='lat' dir='ltr'><strong>ad</strong></span> <span class='ocrx_word' id='word_1_366' title='bbox 2177 788 2215 835; x_wconf 87' lang='lat' dir='ltr'><strong>se</strong></span> 
     </span>
     <span class='ocr_line' id='line_1_59' title="bbox 1232 861 2216 956; baseline 0.001 -21"><span class='ocrx_word' id='word_1_367' title='bbox 1232 861 1362 947; x_wconf 88' lang='lat' dir='ltr'><strong>trahit,</strong></span> <span class='ocrx_word' id='word_1_368' title='bbox 1389 861 1603 935; x_wconf 88' lang='lat' dir='ltr'><strong>attrahendo</strong></span> <span class='ocrx_word' id='word_1_369' title='bbox 1618 867 1763 956; x_wconf 88' lang='lat' dir='ltr'><strong>corpori</strong></span> <span class='ocrx_word' id='word_1_370' title='bbox 1788 865 1963 948; x_wconf 91' lang='lat' dir='ltr'><strong>insinuat,</strong></span> <span class='ocrx_word' id='word_1_371' title='bbox 1995 863 2034 931; x_wconf 92' lang='lat' dir='ltr'><strong>in</strong></span> <span class='ocrx_word' id='word_1_372' title='bbox 2057 865 2216 955; x_wconf 88' lang='lat' dir='ltr'><strong>proceri·</strong></span> 
     </span>
     <span class='ocr_line' id='line_1_60' title="bbox 1232 965 2214 1062; baseline 0.001 -24"><span class='ocrx_word' id='word_1_373' title='bbox 1232 979 1414 1062; x_wconf 76' lang='lat' dir='ltr'><strong>tatemque</strong></span> <span class='ocrx_word' id='word_1_374' title='bbox 1436 969 1623 1040; x_wconf 85' lang='lat' dir='ltr'><strong>convertit.</strong></span> <span class='ocrx_word' id='word_1_375' title='bbox 1685 968 1887 1040; x_wconf 85' lang='lat' dir='ltr'><strong>Secundum</strong></span> <span class='ocrx_word' id='word_1_376' title='bbox 1913 965 2077 1058; x_wconf 88' lang='lat' dir='ltr'><strong>corporis</strong></span> <span class='ocrx_word' id='word_1_377' title='bbox 2106 979 2214 1061; x_wconf 88' lang='lat' dir='ltr'><strong>atque</strong></span> 
     </span>
     <span class='ocr_line' id='line_1_61' title="bbox 1230 1069 2215 1165; baseline 0 -26"><span class='ocrx_word' id='word_1_378' title='bbox 1230 1070 1374 1139; x_wconf 90' lang='lat' dir='ltr'><strong>animae</strong></span> <span class='ocrx_word' id='word_1_379' title='bbox 1387 1093 1497 1161; x_wconf 82' lang='lat' dir='ltr'><strong>genus</strong></span> <span class='ocrx_word' id='word_1_380' title='bbox 1511 1083 1576 1154; x_wconf 88' lang='lat' dir='ltr'><strong>est,</strong></span> <span class='ocrx_word' id='word_1_381' title='bbox 1597 1071 1733 1165; x_wconf 90' lang='lat' dir='ltr'><strong>quoda</strong></span> <span class='ocrx_word' id='word_1_382' title='bbox 1746 1071 1931 1143; x_wconf 76' lang='lat' dir='ltr'><strong>sentiendo</strong></span> <span class='ocrx_word' id='word_1_383' title='bbox 1948 1092 2082 1139; x_wconf 89' lang='lat' dir='ltr'><strong>nomen</strong></span> <span class='ocrx_word' id='word_1_384' title='bbox 2098 1069 2215 1149; x_wconf 86' lang='lat' dir='ltr'><strong>duxit;</strong></span> 
     </span>
     <span class='ocr_line' id='line_1_62' title="bbox 1230 1171 2215 1265; baseline 0.001 -24"><span class='ocrx_word' id='word_1_385' title='bbox 1230 1195 1316 1241; x_wconf 84' lang='lat' dir='ltr'><strong>nam</strong></span> <span class='ocrx_word' id='word_1_386' title='bbox 1333 1183 1369 1241; x_wconf 90' lang='lat' dir='ltr'><strong>et</strong></span> <span class='ocrx_word' id='word_1_387' title='bbox 1383 1196 1513 1264; x_wconf 90' lang='lat' dir='ltr'><strong>corpus</strong></span> <span class='ocrx_word' id='word_1_388' title='bbox 1525 1172 1643 1264; x_wconf 88' lang='lat' dir='ltr'><strong>ipsum</strong></span> <span class='ocrx_word' id='word_1_389' title='bbox 1659 1186 1825 1244; x_wconf 85' lang='lat' dir='ltr'><strong>movetur</strong></span> <span class='ocrx_word' id='word_1_390' title='bbox 1836 1197 1902 1265; x_wconf 89' lang='lat' dir='ltr'><strong>per</strong></span> <span class='ocrx_word' id='word_1_391' title='bbox 1916 1173 2008 1256; x_wconf 91' lang='lat' dir='ltr'><strong>loca,</strong></span> <span class='ocrx_word' id='word_1_392' title='bbox 2031 1183 2067 1242; x_wconf 93' lang='lat' dir='ltr'><strong>et</strong></span> <span class='ocrx_word' id='word_1_393' title='bbox 2081 1171 2215 1242; x_wconf 85' lang='lat' dir='ltr'><strong>victum</strong></span> 
     </span>
     <span class='ocr_line' id='line_1_63' title="bbox 1230 1268 2215 1368; baseline 0.003 -25"><span class='ocrx_word' id='word_1_394' title='bbox 1230 1268 1290 1343; x_wconf 92' lang='lat' dir='ltr'><strong>hic</strong></span> <span class='ocrx_word' id='word_1_395' title='bbox 1307 1286 1414 1367; x_wconf 92' lang='lat' dir='ltr'><strong>atque</strong></span> <span class='ocrx_word' id='word_1_396' title='bbox 1429 1275 1502 1344; x_wconf 92' lang='lat' dir='ltr'><strong>illic</strong></span> <span class='ocrx_word' id='word_1_397' title='bbox 1516 1275 1754 1368; x_wconf 88' lang='lat' dir='ltr'><strong>quaeritando</strong></span> <span class='ocrx_word' id='word_1_398' title='bbox 1773 1276 1901 1357; x_wconf 90' lang='lat' dir='ltr'><strong>alitur;</strong></span> <span class='ocrx_word' id='word_1_399' title='bbox 1933 1287 1969 1345; x_wconf 89' lang='lat' dir='ltr'><strong>et</strong></span> <span class='ocrx_word' id='word_1_400' title='bbox 1994 1274 2118 1343; x_wconf 84' lang='lat' dir='ltr'><strong>anima</strong></span> <span class='ocrx_word' id='word_1_401' title='bbox 2137 1275 2215 1366; x_wconf 76' lang='lat' dir='ltr'><strong>ipsa</strong></span> 
     </span>
     <span class='ocr_line' id='line_1_64' title="bbox 1230 1375 2216 1467; baseline 0.001 -22"><span class='ocrx_word' id='word_1_402' title='bbox 1230 1376 1408 1460; x_wconf 81' lang='lat' dir='ltr'><strong>videndo,</strong></span> <span class='ocrx_word' id='word_1_403' title='bbox 1448 1375 1650 1462; x_wconf 88' lang='lat' dir='ltr'><strong>audiendo,</strong></span> <span class='ocrx_word' id='word_1_404' title='bbox 1690 1377 1911 1461; x_wconf 82' lang='lat' dir='ltr'><strong>olfaciendo,</strong></span> <span class='ocrx_word' id='word_1_405' title='bbox 1950 1379 2127 1467; x_wconf 87' lang='lat' dir='ltr'><strong>gustando</strong></span> <span class='ocrx_word' id='word_1_406' title='bbox 2164 1376 2216 1448; x_wconf 84' lang='lat' dir='ltr'><strong>sic</strong></span> 
     </span>
    </p>
   </div>
   <div class='ocr_carea' id='block_1_17' title="bbox 1223 1478 2214 1574">
    <p class='ocr_par' dir='ltr' id='par_1_20' title="bbox 1223 1478 2214 1574">
     <span class='ocr_line' id='line_1_65' title="bbox 1223 1478 2214 1574; baseline 0.007 -31"><span class='ocrx_word' id='word_1_407' title='bbox 1223 1478 1404 1561; x_wconf 77' lang='lat' dir='ltr'><strong>afficitur,</strong></span> <span class='ocrx_word' id='word_1_408' title='bbox 1435 1491 1477 1549; x_wconf 90' lang='grc' dir='ltr'><strong>ιιι</strong></span> <span class='ocrx_word' id='word_1_409' title='bbox 1499 1503 1628 1570; x_wconf 93' lang='lat' dir='ltr'><strong>corpus</strong></span> <span class='ocrx_word' id='word_1_410' title='bbox 1650 1478 1768 1570; x_wconf 89' lang='lat' dir='ltr'><strong>ipsum</strong></span> <span class='ocrx_word' id='word_1_411' title='bbox 1791 1490 1956 1563; x_wconf 85' lang='lat' dir='ltr'><strong>moveat,</strong></span> <span class='ocrx_word' id='word_1_412' title='bbox 1982 1479 2214 1574; x_wconf 78' lang='lat' dir='ltr'><strong>impelletque</strong></span> 
     </span>
    </p>
   </div>
   <div class='ocr_carea' id='block_1_18' title="bbox 1230 1580 2217 1777">
    <p class='ocr_par' dir='ltr' id='par_1_21' title="bbox 1230 1580 2217 1777">
     <span class='ocr_line' id='line_1_66' title="bbox 1230 1580 2217 1675; baseline 0.003 -25"><span class='ocrx_word' id='word_1_413' title='bbox 1230 1582 1277 1650; x_wconf 77' lang='lat' dir='ltr'><strong>ad</strong></span> <span class='ocrx_word' id='word_1_414' title='bbox 1298 1603 1340 1650; x_wconf 94' lang='lat' dir='ltr'><strong>ea</strong></span> <span class='ocrx_word' id='word_1_415' title='bbox 1364 1580 1518 1652; x_wconf 80' lang='lat' dir='ltr'><strong>exterius</strong></span> <span class='ocrx_word' id='word_1_416' title='bbox 1538 1582 1760 1674; x_wconf 90' lang='lat' dir='ltr'><strong>quaerenda,</strong></span> <span class='ocrx_word' id='word_1_417' title='bbox 1801 1605 1893 1675; x_wconf 90' lang='lat' dir='ltr'><strong>quae</strong></span> <span class='ocrx_word' id='word_1_418' title='bbox 1923 1583 2111 1672; x_wconf 81' lang='lat' dir='ltr'><strong>profutura</strong></span> <span class='ocrx_word' id='word_1_419' title='bbox 2137 1605 2217 1653; x_wconf 88' lang='lat' dir='ltr'><strong>sen·</strong></span> 
     </span>
     <span class='ocr_line' id='line_1_67' title="bbox 1231 1682 2216 1777; baseline 0.003 -25"><span class='ocrx_word' id='word_1_420' title='bbox 1231 1682 1317 1767; x_wconf 85' lang='lat' dir='ltr'><strong>tint,</strong></span> <span class='ocrx_word' id='word_1_421' title='bbox 1351 1695 1549 1777; x_wconf 88' lang='lat' dir='ltr'><strong>contraque</strong></span> <span class='ocrx_word' id='word_1_422' title='bbox 1562 1684 1609 1751; x_wconf 90' lang='lat' dir='ltr'><strong>ad</strong></span> <span class='ocrx_word' id='word_1_423' title='bbox 1630 1705 1672 1751; x_wconf 90' lang='lat' dir='ltr'><strong>ea</strong></span> <span class='ocrx_word' id='word_1_424' title='bbox 1693 1682 1881 1772; x_wconf 86' lang='lat' dir='ltr'><strong>fugienda,</strong></span> <span class='ocrx_word' id='word_1_425' title='bbox 1912 1704 2005 1776; x_wconf 88' lang='lat' dir='ltr'><strong>quae</strong></span> <span class='ocrx_word' id='word_1_426' title='bbox 2026 1685 2216 1756; x_wconf 81' lang='lat' dir='ltr'><strong>videantur</strong></span> 
     </span>
    </p>
   </div>
   <div class='ocr_carea' id='block_1_19' title="bbox 1152 1784 2215 1879">
    <p class='ocr_par' dir='ltr' id='par_1_22' title="bbox 1152 1784 2215 1879">
     <span class='ocr_line' id='line_1_68' title="bbox 1152 1784 2215 1879; baseline 0.012 -32"><span class='ocrx_word' id='word_1_427' title='bbox 1152 1829 1162 1847; x_wconf 90' lang='lat'><strong>.</strong></span> <span class='ocrx_word' id='word_1_428' title='bbox 1230 1785 1408 1856; x_wconf 90' lang='lat' dir='ltr'><strong>nocitura.</strong></span> <span class='ocrx_word' id='word_1_429' title='bbox 1472 1784 1598 1878; x_wconf 90' lang='lat' dir='ltr'><strong>Neque</strong></span> <span class='ocrx_word' id='word_1_430' title='bbox 1625 1784 1720 1852; x_wconf 89' lang='lat' dir='ltr'><strong>enim</strong></span> <span class='ocrx_word' id='word_1_431' title='bbox 1752 1784 1829 1854; x_wconf 89' lang='lat' dir='ltr'><strong>sine</strong></span> <span class='ocrx_word' id='word_1_432' title='bbox 1864 1796 1967 1855; x_wconf 90' lang='lat' dir='ltr'><strong>motu</strong></span> <span class='ocrx_word' id='word_1_433' title='bbox 2000 1810 2074 1857; x_wconf 88' lang='lat' dir='ltr'><strong>esse</strong></span> <span class='ocrx_word' id='word_1_434' title='bbox 2105 1787 2215 1879; x_wconf 83' lang='lat' dir='ltr'><strong>ipsius</strong></span> 
     </span>
    </p>
   </div>
   <div class='ocr_carea' id='block_1_20' title="bbox 1230 1885 2247 2591">
    <p class='ocr_par' dir='ltr' id='par_1_23' title="bbox 1230 1885 2247 2591">
     <span class='ocr_line' id='line_1_69' title="bbox 1232 1885 2216 1980; baseline 0.001 -23"><span class='ocrx_word' id='word_1_435' title='bbox 1232 1909 1341 1979; x_wconf 88' lang='lat' dir='ltr'><strong>opera</strong></span> <span class='ocrx_word' id='word_1_436' title='bbox 1356 1899 1474 1978; x_wconf 88' lang='lat' dir='ltr'><strong>potest</strong></span> <span class='ocrx_word' id='word_1_437' title='bbox 1486 1887 1584 1968; x_wconf 92' lang='lat' dir='ltr'><strong>ulla,</strong></span> <span class='ocrx_word' id='word_1_438' title='bbox 1608 1899 1671 1957; x_wconf 91' lang='lat' dir='ltr'><strong>aut</strong></span> <span class='ocrx_word' id='word_1_439' title='bbox 1684 1898 1804 1958; x_wconf 87' lang='lat' dir='ltr'><strong>motus</strong></span> <span class='ocrx_word' id='word_1_440' title='bbox 1821 1885 1950 1980; x_wconf 86' lang='lat' dir='ltr'><strong>aliquis</strong></span> <span class='ocrx_word' id='word_1_441' title='bbox 1967 1911 2032 1978; x_wconf 90' lang='lat' dir='ltr'><strong>per</strong></span> <span class='ocrx_word' id='word_1_442' title='bbox 2044 1888 2120 1958; x_wconf 89' lang='lat' dir='ltr'><strong>loca</strong></span> <span class='ocrx_word' id='word_1_443' title='bbox 2138 1912 2216 1958; x_wconf 87' lang='lat' dir='ltr'><strong>cor-</strong></span> 
     </span>
     <span class='ocr_line' id='line_1_70' title="bbox 1231 1987 2247 2083; baseline 0.002 -24"><span class='ocrx_word' id='word_1_444' title='bbox 1231 2013 1362 2080; x_wconf 87' lang='lat' dir='ltr'><strong>poreus</strong></span> <span class='ocrx_word' id='word_1_445' title='bbox 1376 2012 1418 2057; x_wconf 86' lang='lat' dir='ltr'><strong>ac</strong></span> <span class='ocrx_word' id='word_1_446' title='bbox 1435 2013 1520 2060; x_wconf 90' lang='lat' dir='ltr'><strong>suus</strong></span> <span class='ocrx_word' id='word_1_447' title='bbox 1544 1987 1678 2083; x_wconf 91' lang='lat' dir='ltr'><strong>absque</strong></span> <span class='ocrx_word' id='word_1_448' title='bbox 1699 2013 1817 2060; x_wconf 87' lang='lat' dir='ltr'><strong>sensu.</strong></span> <span class='ocrx_word' id='word_1_449' title='bbox 1876 1987 1974 2059; x_wconf 90' lang='lat' dir='ltr'><strong>Haec</strong></span> <span class='ocrx_word' id='word_1_450' title='bbox 1993 1990 2070 2081; x_wconf 81' lang='lat' dir='ltr'><strong>ipsa</strong></span> <span class='ocrx_word' id='word_1_451' title='bbox 2094 1990 2216 2061; x_wconf 80' lang='lat' dir='ltr'><strong>enimn</strong></span> <span class='ocrx_word' id='word_1_452' title='bbox 2242 2042 2247 2050; x_wconf 82' lang='lat'>-</span> 
     </span>
     <span class='ocr_line' id='line_1_71' title="bbox 1231 2086 2215 2184; baseline 0.002 -25"><span class='ocrx_word' id='word_1_453' title='bbox 1231 2092 1367 2161; x_wconf 86' lang='lat' dir='ltr'><strong>viribus</strong></span> <span class='ocrx_word' id='word_1_454' title='bbox 1397 2086 1453 2160; x_wconf 90' lang='lat' dir='ltr'><strong>his</strong></span> <span class='ocrx_word' id='word_1_455' title='bbox 1481 2089 1555 2162; x_wconf 91' lang='lat' dir='ltr'><strong>suis</strong></span> <span class='ocrx_word' id='word_1_456' title='bbox 1576 2114 1661 2174; x_wconf 86' lang='lat' dir='ltr'><strong>usa,</strong></span> <span class='ocrx_word' id='word_1_457' title='bbox 1693 2114 1759 2182; x_wconf 90' lang='lat' dir='ltr'><strong>per</strong></span> <span class='ocrx_word' id='word_1_458' title='bbox 1781 2091 1917 2175; x_wconf 88' lang='lat' dir='ltr'><strong>visum,</strong></span> <span class='ocrx_word' id='word_1_459' title='bbox 1952 2115 2018 2184; x_wconf 89' lang='lat' dir='ltr'><strong>per</strong></span> <span class='ocrx_word' id='word_1_460' title='bbox 2039 2092 2215 2178; x_wconf 85' lang='lat' dir='ltr'><strong>anditum,</strong></span> 
     </span>
     <span class='ocr_line' id='line_1_72' title="bbox 1231 2193 2215 2287; baseline 0.002 -24"><span class='ocrx_word' id='word_1_461' title='bbox 1231 2217 1295 2284; x_wconf 91' lang='lat' dir='ltr'><strong>per</strong></span> <span class='ocrx_word' id='word_1_462' title='bbox 1312 2193 1502 2274; x_wconf 83' lang='lat' dir='ltr'><strong>olfactum,</strong></span> <span class='ocrx_word' id='word_1_463' title='bbox 1525 2203 1624 2261; x_wconf 83' lang='lat' dir='ltr'><strong>extra</strong></span> <span class='ocrx_word' id='word_1_464' title='bbox 1642 2216 1770 2284; x_wconf 91' lang='lat' dir='ltr'><strong>corpus</strong></span> <span class='ocrx_word' id='word_1_465' title='bbox 1785 2193 1903 2286; x_wconf 87' lang='lat' dir='ltr'><strong>ipsum</strong></span> <span class='ocrx_word' id='word_1_466' title='bbox 1924 2217 2039 2285; x_wconf 87' lang='lat' dir='ltr'><strong>paene</strong></span> <span class='ocrx_word' id='word_1_467' title='bbox 2063 2218 2215 2287; x_wconf 88' lang='lat' dir='ltr'><strong>egressa,</strong></span> 
     </span>
     <span class='ocr_line' id='line_1_73' title="bbox 1230 2292 2213 2388; baseline 0.005 -25"><span class='ocrx_word' id='word_1_468' title='bbox 1230 2319 1292 2378; x_wconf 90' lang='lat' dir='ltr'><strong>ea,</strong></span> <span class='ocrx_word' id='word_1_469' title='bbox 1332 2318 1425 2388; x_wconf 91' lang='lat' dir='ltr'><strong>quae</strong></span> <span class='ocrx_word' id='word_1_470' title='bbox 1449 2292 1665 2365; x_wconf 86' lang='lat' dir='ltr'><strong>extrinsecus</strong></span> <span class='ocrx_word' id='word_1_471' title='bbox 1685 2296 1800 2385; x_wconf 88' lang='lat' dir='ltr'><strong>posita</strong></span> <span class='ocrx_word' id='word_1_472' title='bbox 1825 2308 1927 2377; x_wconf 89' lang='lat' dir='ltr'><strong>sunt,</strong></span> <span class='ocrx_word' id='word_1_473' title='bbox 1968 2297 2109 2367; x_wconf 87' lang='lat' dir='ltr'><strong>videtur</strong></span> <span class='ocrx_word' id='word_1_474' title='bbox 2134 2321 2213 2368; x_wconf 86' lang='lat' dir='ltr'><strong>seu·</strong></span> 
     </span>
     <span class='ocr_line' id='line_1_74' title="bbox 1230 2395 2215 2494; baseline 0.005 -30"><span class='ocrx_word' id='word_1_475' title='bbox 1230 2396 1318 2479; x_wconf 90' lang='lat' dir='ltr'><strong>tire,</strong></span> <span class='ocrx_word' id='word_1_476' title='bbox 1345 2408 1452 2489; x_wconf 91' lang='lat' dir='ltr'><strong>atque</strong></span> <span class='ocrx_word' id='word_1_477' title='bbox 1466 2395 1515 2463; x_wconf 90' lang='lat' dir='ltr'><strong>ita</strong></span> <span class='ocrx_word' id='word_1_478' title='bbox 1533 2395 1676 2487; x_wconf 91' lang='lat' dir='ltr'><strong>quidem</strong></span> <span class='ocrx_word' id='word_1_479' title='bbox 1693 2396 1846 2479; x_wconf 90' lang='lat' dir='ltr'><strong>sentire,</strong></span> <span class='ocrx_word' id='word_1_480' title='bbox 1867 2409 1908 2466; x_wconf 94' lang='lat' dir='ltr'><strong>ut</strong></span> <span class='ocrx_word' id='word_1_481' title='bbox 1921 2395 2102 2482; x_wconf 89' lang='lat' dir='ltr'><strong>diiudicet,</strong></span> <span class='ocrx_word' id='word_1_482' title='bbox 2128 2399 2215 2494; x_wconf 89' lang='lat' dir='ltr'><strong>quid</strong></span> 
     </span>
     <span class='ocr_line' id='line_1_75' title="bbox 1230 2497 2216 2591; baseline 0.002 -23"><span class='ocrx_word' id='word_1_483' title='bbox 1230 2522 1273 2568; x_wconf 89' lang='lat' dir='ltr'><strong>ex</strong></span> <span class='ocrx_word' id='word_1_484' title='bbox 1287 2497 1358 2568; x_wconf 90' lang='lat' dir='ltr'><strong>illis</strong></span> <span class='ocrx_word' id='word_1_485' title='bbox 1379 2498 1606 2590; x_wconf 88' lang='lat' dir='ltr'><strong>profuturum</strong></span> <span class='ocrx_word' id='word_1_486' title='bbox 1634 2508 1740 2591; x_wconf 92' lang='lat' dir='ltr'><strong>atque</strong></span> <span class='ocrx_word' id='word_1_487' title='bbox 1763 2499 1970 2568; x_wconf 80' lang='lat' dir='ltr'><strong>obfuturum</strong></span> <span class='ocrx_word' id='word_1_488' title='bbox 1994 2512 2143 2571; x_wconf 89' lang='lat' dir='ltr'><strong>naturae</strong></span> <span class='ocrx_word' id='word_1_489' title='bbox 2169 2501 2216 2570; x_wconf 83' lang='lat' dir='ltr'><strong>sit</strong></span> 
     </span>
    </p>
   </div>
   <div class='ocr_carea' id='block_1_21' title="bbox 1167 2597 2214 2796">
    <p class='ocr_par' dir='ltr' id='par_1_24' title="bbox 1167 2597 2214 2796">
     <span class='ocr_line' id='line_1_76' title="bbox 1167 2597 2214 2695; baseline 0.008 -32"><span class='ocrx_word' id='word_1_490' title='bbox 1167 2646 1177 2663; x_wconf 95' lang='lat'><strong>.</strong></span> <span class='ocrx_word' id='word_1_491' title='bbox 1229 2622 1332 2670; x_wconf 88' lang='lat' dir='ltr'><strong>snae:</strong></span> <span class='ocrx_word' id='word_1_492' title='bbox 1374 2599 1528 2692; x_wconf 92' lang='lat' dir='ltr'><strong>indeque</strong></span> <span class='ocrx_word' id='word_1_493' title='bbox 1552 2597 1707 2670; x_wconf 87' lang='lat' dir='ltr'><strong>sentiens</strong></span> <span class='ocrx_word' id='word_1_494' title='bbox 1728 2599 1850 2668; x_wconf 89' lang='lat' dir='ltr'><strong>anima</strong></span> <span class='ocrx_word' id='word_1_495' title='bbox 1876 2613 2039 2673; x_wconf 85' lang='lat' dir='ltr'><strong>vocatur.</strong></span> <span class='ocrx_word' id='word_1_496' title='bbox 2096 2602 2214 2695; x_wconf 80' lang='lat' dir='ltr'><strong>Atque</strong></span> 
     </span>
     <span class='ocr_line' id='line_1_77' title="bbox 1168 2698 2199 2796; baseline 0.005 -30"><span class='ocrx_word' id='word_1_497' title='bbox 1168 2750 1177 2766; x_wconf 93' lang='lat'><strong>.</strong></span> <span class='ocrx_word' id='word_1_498' title='bbox 1229 2698 1319 2773; x_wconf 88' lang='lat' dir='ltr'><strong>haec</strong></span> <span class='ocrx_word' id='word_1_499' title='bbox 1337 2701 1482 2796; x_wconf 90' lang='lat' dir='ltr'><strong>quidem</strong></span> <span class='ocrx_word' id='word_1_500' title='bbox 1499 2700 1660 2791; x_wconf 90' lang='lat' dir='ltr'><strong>corporis</strong></span> <span class='ocrx_word' id='word_1_501' title='bbox 1675 2714 1710 2771; x_wconf 91' lang='lat' dir='ltr'><strong>et</strong></span> <span class='ocrx_word' id='word_1_502' title='bbox 1734 2700 1877 2769; x_wconf 88' lang='lat' dir='ltr'><strong>animae</strong></span> <span class='ocrx_word' id='word_1_503' title='bbox 1901 2703 1974 2772; x_wconf 91' lang='lat' dir='ltr'><strong>duo</strong></span> <span class='ocrx_word' id='word_1_504' title='bbox 1995 2724 2126 2793; x_wconf 84' lang='lat' dir='ltr'><strong>genera</strong></span> <span class='ocrx_word' id='word_1_505' title='bbox 2149 2726 2199 2772; x_wconf 86' lang='lat' dir='ltr'><strong>na</strong></span> 
     </span>
    </p>
   </div>
   <div class='ocr_carea' id='block_1_22' title="bbox 1226 2801 2216 4633">
    <p class='ocr_par' dir='ltr' id='par_1_25' title="bbox 1227 2801 2216 4225">
     <span class='ocr_line' id='line_1_78' title="bbox 1230 2801 2215 2898; baseline 0.002 -26"><span class='ocrx_word' id='word_1_506' title='bbox 1230 2804 1393 2874; x_wconf 90' lang='lat' dir='ltr'><strong>turaliter</strong></span> <span class='ocrx_word' id='word_1_507' title='bbox 1408 2801 1549 2874; x_wconf 87' lang='lat' dir='ltr'><strong>servilia</strong></span> <span class='ocrx_word' id='word_1_508' title='bbox 1567 2813 1670 2887; x_wconf 90' lang='lat' dir='ltr'><strong>sunt,</strong></span> <span class='ocrx_word' id='word_1_509' title='bbox 1696 2803 1874 2898; x_wconf 89' lang='lat' dir='ltr'><strong>tertioque</strong></span> <span class='ocrx_word' id='word_1_510' title='bbox 1890 2803 1962 2887; x_wconf 91' lang='lat' dir='ltr'><strong>illi,</strong></span> <span class='ocrx_word' id='word_1_511' title='bbox 1989 2805 2088 2897; x_wconf 92' lang='lat' dir='ltr'><strong>quod</strong></span> <span class='ocrx_word' id='word_1_512' title='bbox 2104 2804 2215 2874; x_wconf 89' lang='lat' dir='ltr'><strong>ratio-</strong></span> 
     </span>
     <span class='ocr_line' id='line_1_79' title="bbox 1229 2905 2214 2998; baseline 0 -23"><span class='ocrx_word' id='word_1_513' title='bbox 1229 2907 1312 2975; x_wconf 85' lang='lat' dir='ltr'><strong>nale</strong></span> <span class='ocrx_word' id='word_1_514' title='bbox 1335 2930 1445 2998; x_wconf 87' lang='lat' dir='ltr'><strong>genus</strong></span> <span class='ocrx_word' id='word_1_515' title='bbox 1469 2918 1541 2990; x_wconf 89' lang='lat' dir='ltr'><strong>est,</strong></span> <span class='ocrx_word' id='word_1_516' title='bbox 1571 2905 1713 2974; x_wconf 86' lang='lat' dir='ltr'><strong>animae</strong></span> <span class='ocrx_word' id='word_1_517' title='bbox 1738 2907 1921 2977; x_wconf 90' lang='lat' dir='ltr'><strong>obediunt.</strong></span> <span class='ocrx_word' id='word_1_518' title='bbox 1988 2905 2067 2975; x_wconf 90' lang='lat' dir='ltr'><strong>Hoc</strong></span> <span class='ocrx_word' id='word_1_519' title='bbox 2093 2919 2214 2979; x_wconf 91' lang='lat' dir='ltr'><strong>autem</strong></span> 
     </span>
     <span class='ocr_line' id='line_1_80' title="bbox 1229 3006 2214 3101; baseline 0.005 -26"><span class='ocrx_word' id='word_1_520' title='bbox 1229 3032 1347 3100; x_wconf 75' lang='lat' dir='ltr'><strong>ipsum</strong></span> <span class='ocrx_word' id='word_1_521' title='bbox 1364 3006 1552 3078; x_wconf 85' lang='lat' dir='ltr'><strong>rationalis</strong></span> <span class='ocrx_word' id='word_1_522' title='bbox 1566 3009 1710 3077; x_wconf 89' lang='lat' dir='ltr'><strong>animae</strong></span> <span class='ocrx_word' id='word_1_523' title='bbox 1726 3031 1857 3097; x_wconf 85' lang='lat' dir='ltr'><strong>genus,</strong></span> <span class='ocrx_word' id='word_1_524' title='bbox 1882 3022 2059 3101; x_wconf 85' lang='lat' dir='ltr'><strong>quantum</strong></span> <span class='ocrx_word' id='word_1_525' title='bbox 2077 3030 2214 3101; x_wconf 72' lang='lat' dir='ltr'><strong>arege-</strong></span> 
     </span>
     <span class='ocr_line' id='line_1_81' title="bbox 1230 3110 2215 3203; baseline 0.002 -25"><span class='ocrx_word' id='word_1_526' title='bbox 1230 3122 1328 3179; x_wconf 90' lang='lat' dir='ltr'><strong>tante</strong></span> <span class='ocrx_word' id='word_1_527' title='bbox 1343 3123 1450 3203; x_wconf 88' lang='lat' dir='ltr'><strong>atque</strong></span> <span class='ocrx_word' id='word_1_528' title='bbox 1464 3110 1638 3180; x_wconf 86' lang='lat' dir='ltr'><strong>sentiente</strong></span> <span class='ocrx_word' id='word_1_529' title='bbox 1660 3111 1796 3179; x_wconf 88' lang='lat' dir='ltr'><strong>recedit</strong></span> <span class='ocrx_word' id='word_1_530' title='bbox 1819 3110 1961 3193; x_wconf 91' lang='lat' dir='ltr'><strong>anima,</strong></span> <span class='ocrx_word' id='word_1_531' title='bbox 1994 3122 2134 3180; x_wconf 87' lang='lat' dir='ltr'><strong>tantum</strong></span> <span class='ocrx_word' id='word_1_532' title='bbox 2157 3134 2215 3183; x_wconf 88' lang='lat' dir='ltr'><strong>su·</strong></span> 
     </span>
     <span class='ocr_line' id='line_1_82' title="bbox 1228 3211 2215 3307; baseline 0.001 -25"><span class='ocrx_word' id='word_1_533' title='bbox 1228 3212 1367 3304; x_wconf 92' lang='lat' dir='ltr'><strong>periori</strong></span> <span class='ocrx_word' id='word_1_534' title='bbox 1387 3212 1441 3279; x_wconf 92' lang='lat' dir='ltr'><strong>illi</strong></span> <span class='ocrx_word' id='word_1_535' title='bbox 1460 3224 1612 3280; x_wconf 88' lang='lat' dir='ltr'><strong>naturae</strong></span> <span class='ocrx_word' id='word_1_536' title='bbox 1634 3225 1697 3282; x_wconf 92' lang='lat' dir='ltr'><strong>aut</strong></span> <span class='ocrx_word' id='word_1_537' title='bbox 1719 3211 1840 3303; x_wconf 92' lang='lat' dir='ltr'><strong>potius</strong></span> <span class='ocrx_word' id='word_1_538' title='bbox 1863 3212 1920 3302; x_wconf 90' lang='grc' dir='ltr'><strong>(ιιι</strong></span> <span class='ocrx_word' id='word_1_539' title='bbox 1942 3234 2038 3282; x_wconf 89' lang='lat' dir='ltr'><strong>nunc</strong></span> <span class='ocrx_word' id='word_1_540' title='bbox 2060 3213 2215 3307; x_wconf 90' lang='lat' dir='ltr'><strong>loquun-</strong></span> 
     </span>
     <span class='ocr_line' id='line_1_83' title="bbox 1229 3311 2214 3408; baseline -0.001 -23"><span class='ocrx_word' id='word_1_541' title='bbox 1229 3312 1306 3408; x_wconf 88' lang='lat' dir='ltr'><strong>tur)</strong></span> <span class='ocrx_word' id='word_1_542' title='bbox 1324 3313 1518 3397; x_wconf 85' lang='lat' dir='ltr'><strong>essentiae,</strong></span> <span class='ocrx_word' id='word_1_543' title='bbox 1544 3335 1636 3407; x_wconf 92' lang='lat' dir='ltr'><strong>quae</strong></span> <span class='ocrx_word' id='word_1_544' title='bbox 1659 3313 1782 3383; x_wconf 71' lang='lat' dir='ltr'><strong>dimna</strong></span> <span class='ocrx_word' id='word_1_545' title='bbox 1806 3311 1957 3396; x_wconf 90' lang='lat' dir='ltr'><strong>dicitur,</strong></span> <span class='ocrx_word' id='word_1_546' title='bbox 1991 3336 2065 3384; x_wconf 87' lang='lat' dir='ltr'><strong>sese</strong></span> <span class='ocrx_word' id='word_1_547' title='bbox 2088 3314 2214 3386; x_wconf 91' lang='lat' dir='ltr'><strong>adiun-</strong></span> 
     </span>
     <span class='ocr_line' id='line_1_84' title="bbox 1229 3411 2215 3512; baseline 0.001 -25"><span class='ocrx_word' id='word_1_548' title='bbox 1229 3416 1280 3509; x_wconf 87' lang='lat' dir='ltr'><strong>git</strong></span> <span class='ocrx_word' id='word_1_549' title='bbox 1302 3429 1409 3512; x_wconf 85' lang='lat' dir='ltr'><strong>atque</strong></span> <span class='ocrx_word' id='word_1_550' title='bbox 1431 3411 1656 3488; x_wconf 87' lang='lat' dir='ltr'><strong>inhaerescit.</strong></span> <span class='ocrx_word' id='word_1_551' title='bbox 1708 3412 1887 3507; x_wconf 81' lang='lat' dir='ltr'><strong>Quocirca</strong></span> <span class='ocrx_word' id='word_1_552' title='bbox 1909 3413 2008 3485; x_wconf 86' lang='lat' dir='ltr'><strong>aliud</strong></span> <span class='ocrx_word' id='word_1_553' title='bbox 2030 3417 2215 3511; x_wconf 88' lang='lat' dir='ltr'><strong>quoddam</strong></span> 
     </span>
     <span class='ocr_line' id='line_1_85' title="bbox 1228 3515 2214 3612; baseline 0.001 -23"><span class='ocrx_word' id='word_1_554' title='bbox 1228 3542 1360 3612; x_wconf 89' lang='lat' dir='ltr'><strong>corpus</strong></span> <span class='ocrx_word' id='word_1_555' title='bbox 1375 3515 1459 3589; x_wconf 89' lang='lat' dir='ltr'><strong>buic</strong></span> <span class='ocrx_word' id='word_1_556' title='bbox 1475 3516 1663 3589; x_wconf 84' lang='lat' dir='ltr'><strong>rationalis</strong></span> <span class='ocrx_word' id='word_1_557' title='bbox 1686 3517 1828 3587; x_wconf 87' lang='lat' dir='ltr'><strong>animae</strong></span> <span class='ocrx_word' id='word_1_558' title='bbox 1852 3517 1974 3609; x_wconf 81' lang='lat' dir='ltr'><strong>generi</strong></span> <span class='ocrx_word' id='word_1_559' title='bbox 1995 3518 2214 3603; x_wconf 92' lang='lat' dir='ltr'><strong>attribuitur,</strong></span> 
     </span>
     <span class='ocr_line' id='line_1_86' title="bbox 1229 3618 2216 3712; baseline -0.001 -20"><span class='ocrx_word' id='word_1_560' title='bbox 1229 3635 1305 3692; x_wconf 92' lang='lat' dir='ltr'><strong>tum</strong></span> <span class='ocrx_word' id='word_1_561' title='bbox 1327 3623 1462 3712; x_wconf 85' lang='lat' dir='ltr'><strong>figura,</strong></span> <span class='ocrx_word' id='word_1_562' title='bbox 1498 3632 1574 3690; x_wconf 89' lang='lat' dir='ltr'><strong>tum</strong></span> <span class='ocrx_word' id='word_1_563' title='bbox 1596 3619 1857 3710; x_wconf 90' lang='lat' dir='ltr'><strong>temperatione</strong></span> <span class='ocrx_word' id='word_1_564' title='bbox 1880 3618 2081 3704; x_wconf 84' lang='lat' dir='ltr'><strong>diversum,</strong></span> <span class='ocrx_word' id='word_1_565' title='bbox 2122 3621 2216 3691; x_wconf 80' lang='lat' dir='ltr'><strong>utsi</strong></span> 
     </span>
     <span class='ocr_line' id='line_1_87' title="bbox 1228 3719 2215 3815; baseline -0.001 -23"><span class='ocrx_word' id='word_1_566' title='bbox 1228 3734 1264 3793; x_wconf 89' lang='lat' dir='ltr'><strong>et</strong></span> <span class='ocrx_word' id='word_1_567' title='bbox 1279 3734 1461 3815; x_wconf 81' lang='lat' dir='ltr'><strong>vegetetur</strong></span> <span class='ocrx_word' id='word_1_568' title='bbox 1474 3734 1511 3791; x_wconf 90' lang='lat' dir='ltr'><strong>et</strong></span> <span class='ocrx_word' id='word_1_569' title='bbox 1525 3720 1759 3792; x_wconf 87' lang='lat' dir='ltr'><strong>sentientibus</strong></span> <span class='ocrx_word' id='word_1_570' title='bbox 1773 3732 1896 3790; x_wconf 91' lang='lat' dir='ltr'><strong>utatur</strong></span> <span class='ocrx_word' id='word_1_571' title='bbox 1913 3719 2070 3804; x_wconf 86' lang='lat' dir='ltr'><strong>viribus,</strong></span> <span class='ocrx_word' id='word_1_572' title='bbox 2103 3721 2215 3791; x_wconf 87' lang='lat' dir='ltr'><strong>veluti</strong></span> 
     </span>
     <span class='ocr_line' id='line_1_88' title="bbox 1229 3821 2214 3918; baseline -0.002 -23"><span class='ocrx_word' id='word_1_573' title='bbox 1229 3849 1270 3895; x_wconf 87' lang='lat' dir='ltr'><strong>ea</strong></span> <span class='ocrx_word' id='word_1_574' title='bbox 1286 3848 1458 3916; x_wconf 91' lang='lat' dir='ltr'><strong>corpora,</strong></span> <span class='ocrx_word' id='word_1_575' title='bbox 1480 3846 1573 3918; x_wconf 90' lang='lat' dir='ltr'><strong>quae</strong></span> <span class='ocrx_word' id='word_1_576' title='bbox 1587 3842 1667 3893; x_wconf 87' lang='lat' dir='ltr'><strong>cum</strong></span> <span class='ocrx_word' id='word_1_577' title='bbox 1686 3821 1915 3913; x_wconf 75' lang='lat' dir='ltr'><strong>vegetabilis,</strong></span> <span class='ocrx_word' id='word_1_578' title='bbox 1941 3833 2018 3891; x_wconf 89' lang='lat' dir='ltr'><strong>tum</strong></span> <span class='ocrx_word' id='word_1_579' title='bbox 2032 3821 2214 3893; x_wconf 81' lang='lat' dir='ltr'><strong>sensibilia</strong></span> 
     </span>
     <span class='ocr_line' id='line_1_89' title="bbox 1229 3924 2214 4018; baseline -0.003 -20"><span class='ocrx_word' id='word_1_580' title='bbox 1229 3928 1439 4011; x_wconf 88' lang='lat' dir='ltr'><strong>dictasunt,</strong></span> <span class='ocrx_word' id='word_1_581' title='bbox 1466 3938 1587 3996; x_wconf 88' lang='lat' dir='ltr'><strong>tamen</strong></span> <span class='ocrx_word' id='word_1_582' title='bbox 1602 3925 1674 3995; x_wconf 89' lang='lat' dir='ltr'><strong>alio</strong></span> <span class='ocrx_word' id='word_1_583' title='bbox 1690 3926 1848 4018; x_wconf 87' lang='lat' dir='ltr'><strong>quodam</strong></span> <span class='ocrx_word' id='word_1_584' title='bbox 1865 3924 1995 4008; x_wconf 91' lang='lat' dir='ltr'><strong>modo,</strong></span> <span class='ocrx_word' id='word_1_585' title='bbox 2030 3936 2065 3994; x_wconf 89' lang='lat' dir='ltr'><strong>et</strong></span> <span class='ocrx_word' id='word_1_586' title='bbox 2083 3925 2214 4016; x_wconf 80' lang='lat' dir='ltr'><strong>ligure·</strong></span> 
     </span>
     <span class='ocr_line' id='line_1_90' title="bbox 1228 4021 2211 4119; baseline -0.003 -19"><span class='ocrx_word' id='word_1_587' title='bbox 1228 4043 1347 4113; x_wconf 83' lang='lat' dir='ltr'><strong>none,</strong></span> <span class='ocrx_word' id='word_1_588' title='bbox 1372 4041 1409 4098; x_wconf 91' lang='lat' dir='ltr'><strong>et</strong></span> <span class='ocrx_word' id='word_1_589' title='bbox 1424 4029 1670 4101; x_wconf 84' lang='lat' dir='ltr'><strong>membrorum</strong></span> <span class='ocrx_word' id='word_1_590' title='bbox 1688 4027 1941 4119; x_wconf 91' lang='lat' dir='ltr'><strong>dispositione,</strong></span> <span class='ocrx_word' id='word_1_591' title='bbox 1967 4037 2003 4097; x_wconf 90' lang='lat' dir='ltr'><strong>et</strong></span> <span class='ocrx_word' id='word_1_592' title='bbox 2018 4021 2211 4099; x_wconf 87' lang='lat' dir='ltr'><strong>humorum</strong></span> 
     </span>
     <span class='ocr_line' id='line_1_91' title="bbox 1227 4131 2025 4225; baseline -0.005 -22"><span class='ocrx_word' id='word_1_593' title='bbox 1227 4131 1418 4225; x_wconf 87' lang='lat' dir='ltr'><strong>praecipue</strong></span> <span class='ocrx_word' id='word_1_594' title='bbox 1434 4131 1694 4223; x_wconf 87' lang='lat' dir='ltr'><strong>temperatione</strong></span> <span class='ocrx_word' id='word_1_595' title='bbox 1711 4132 1876 4201; x_wconf 85' lang='lat' dir='ltr'><strong>affectum</strong></span> <span class='ocrx_word' id='word_1_596' title='bbox 1892 4140 1944 4200; x_wconf 88' lang='lat' dir='ltr'><strong>est</strong></span> <span class='ocrx_word' id='word_1_597' title='bbox 1958 4142 2025 4200; x_wconf 92' lang='lat' dir='ltr'><strong>etc.</strong></span> 
     </span>
    </p>

    <p class='ocr_par' dir='ltr' id='par_1_26' title="bbox 1226 4230 2214 4633">
     <span class='ocr_line' id='line_1_92' title="bbox 1328 4230 2213 4324; baseline -0.001 -20"><span class='ocrx_word' id='word_1_598' title='bbox 1328 4233 1500 4305; x_wconf 88' lang='lat' dir='ltr'><strong>Similiter</strong></span> <span class='ocrx_word' id='word_1_599' title='bbox 1521 4232 1702 4303; x_wconf 89' lang='lat' dir='ltr'><strong>Hesiodi</strong></span> <span class='ocrx_word' id='word_1_600' title='bbox 1691 4247 1868 4324; x_wconf 80' lang='lat' dir='ltr'><strong>interpres</strong></span> <span class='ocrx_word' id='word_1_601' title='bbox 1889 4230 2154 4324; x_wconf 87' lang='lat' dir='ltr'><strong>allegoriam</strong></span> <span class='ocrx_word' id='word_1_602' title='bbox 2122 4255 2213 4303; x_wconf 82' lang='lat' dir='ltr'><strong>erus·</strong></span> 
     </span>
     <span class='ocr_line' id='line_1_93' title="bbox 1227 4330 2213 4428; baseline -0.001 -22"><span class='ocrx_word' id='word_1_603' title='bbox 1227 4337 1310 4407; x_wconf 90' lang='lat' dir='ltr'><strong>dem</strong></span> <span class='ocrx_word' id='word_1_604' title='bbox 1331 4335 1472 4406; x_wconf 80' lang='lat' dir='ltr'><strong>fabulae</strong></span> <span class='ocrx_word' id='word_1_605' title='bbox 1494 4336 1539 4403; x_wconf 91' lang='lat' dir='ltr'><strong>ad</strong></span> <span class='ocrx_word' id='word_1_606' title='bbox 1564 4330 1823 4428; x_wconf 88' lang='lat' dir='ltr'><strong>physiologiam</strong></span> <span class='ocrx_word' id='word_1_607' title='bbox 1848 4334 1976 4417; x_wconf 89' lang='lat' dir='ltr'><strong>ret&#39;ert,</strong></span> <span class='ocrx_word' id='word_1_608' title='bbox 2011 4334 2213 4426; x_wconf 88' lang='lat' dir='ltr'><strong>intelligens</strong></span> 
     </span>
     <span class='ocr_line' id='line_1_94' title="bbox 1226 4435 2214 4530; baseline 0 -22"><span class='ocrx_word' id='word_1_609' title='bbox 1226 4438 1375 4508; x_wconf 92' lang='lat' dir='ltr'><strong>nomine</strong></span> <span class='ocrx_word' id='word_1_610' title='bbox 1395 4437 1558 4509; x_wconf 79' lang='lat' dir='ltr'><strong>Herculis</strong></span> <span class='ocrx_word' id='word_1_611' title='bbox 1581 4437 1713 4521; x_wconf 90' lang='lat' dir='ltr'><strong>solem,</strong></span> <span class='ocrx_word' id='word_1_612' title='bbox 1742 4447 1932 4530; x_wconf 88' lang='lat' dir='ltr'><strong>propterea</strong></span> <span class='ocrx_word' id='word_1_613' title='bbox 1955 4435 2085 4530; x_wconf 91' lang='lat' dir='ltr'><strong>quod</strong></span> <span class='ocrx_word' id='word_1_614' title='bbox 2074 4460 2104 4508; x_wconf 82' lang='lat' dir='ltr'><strong>rs</strong></span> <span class='ocrx_word' id='word_1_615' title='bbox 2129 4461 2214 4508; x_wconf 87' lang='lat' dir='ltr'><strong>vere</strong></span> 
     </span>
     <span class='ocr_line' id='line_1_95' title="bbox 1226 4536 2215 4633; baseline -0.002 -21"><span class='ocrx_word' id='word_1_616' title='bbox 1226 4540 1273 4612; x_wconf 89' lang='lat' dir='ltr'><strong>sit</strong></span> <span class='ocrx_word' id='word_1_617' title='bbox 1288 4538 1456 4625; x_wconf 89' lang='lat' dir='ltr'><strong>lunonis,</strong></span> <span class='ocrx_word' id='word_1_618' title='bbox 1481 4536 1550 4611; x_wconf 90' lang='lat' dir='ltr'><strong>boc</strong></span> <span class='ocrx_word' id='word_1_619' title='bbox 1563 4551 1637 4623; x_wconf 89' lang='lat' dir='ltr'><strong>est,</strong></span> <span class='ocrx_word' id='word_1_620' title='bbox 1663 4539 1756 4612; x_wconf 78' lang='lat' dir='ltr'><strong>aeris</strong></span> <span class='ocrx_word' id='word_1_621' title='bbox 1772 4539 1933 4633; x_wconf 90' lang='lat' dir='ltr'><strong>coelique</strong></span> <span class='ocrx_word' id='word_1_622' title='bbox 1952 4536 2059 4610; x_wconf 88' lang='lat' dir='ltr'><strong>decus</strong></span> <span class='ocrx_word' id='word_1_623' title='bbox 2083 4551 2119 4610; x_wconf 91' lang='lat' dir='ltr'><strong>et</strong></span> <span class='ocrx_word' id='word_1_624' title='bbox 2140 4541 2215 4632; x_wconf 93' lang='lat' dir='ltr'><strong>glo-</strong></span> 
     </span>
    </p>
   </div>
   <div class='ocr_carea' id='block_1_23' title="bbox 1226 4738 2218 5633">
    <p class='ocr_par' dir='ltr' id='par_1_27' title="bbox 1226 4738 2218 5633">
     <span class='ocr_line' id='line_1_96' title="bbox 1227 4738 2203 4842; baseline -0.003 -24"><span class='ocrx_word' id='word_1_625' title='bbox 1227 4738 1328 4842; x_wconf 80' lang='lat' dir='ltr'><strong>pdco,</strong></span> <span class='ocrx_word' id='word_1_626' title='bbox 1351 4748 1450 4841; x_wconf 89' lang='lat' dir='ltr'><strong>quod</strong></span> <span class='ocrx_word' id='word_1_627' title='bbox 1467 4757 1537 4832; x_wconf 85' lang='lat' dir='ltr'><strong>est,</strong></span> <span class='ocrx_word' id='word_1_628' title='bbox 1563 4745 1699 4828; x_wconf 88' lang='lat' dir='ltr'><strong>clamo,</strong></span> <span class='ocrx_word' id='word_1_629' title='bbox 1722 4757 1869 4838; x_wconf 90' lang='lat' dir='ltr'><strong>propter</strong></span> <span class='ocrx_word' id='word_1_630' title='bbox 1891 4738 2044 4838; x_wconf 87' lang='lat' dir='ltr'><strong>hyberni</strong></span> <span class='ocrx_word' id='word_1_631' title='bbox 2064 4756 2203 4837; x_wconf 89' lang='lat' dir='ltr'><strong>tempo-</strong></span> 
     </span>
     <span class='ocr_line' id='line_1_97' title="bbox 1226 4847 2218 4944; baseline -0.003 -26"><span class='ocrx_word' id='word_1_632' title='bbox 1226 4847 1277 4918; x_wconf 85' lang='lat' dir='ltr'><strong>ris</strong></span> <span class='ocrx_word' id='word_1_633' title='bbox 1294 4872 1398 4944; x_wconf 77' lang='lat' dir='ltr'><strong>quasi</strong></span> <span class='ocrx_word' id='word_1_634' title='bbox 1386 4848 1606 4919; x_wconf 89' lang='lat' dir='ltr'><strong>clamorem</strong></span> <span class='ocrx_word' id='word_1_635' title='bbox 1622 4872 1686 4918; x_wconf 90' lang='lat' dir='ltr'><strong>seu</strong></span> <span class='ocrx_word' id='word_1_636' title='bbox 1700 4848 1915 4932; x_wconf 91' lang='lat' dir='ltr'><strong>tumultum,</strong></span> <span class='ocrx_word' id='word_1_637' title='bbox 1940 4872 2047 4943; x_wconf 89' lang='lat' dir='ltr'><strong>quem</strong></span> <span class='ocrx_word' id='word_1_638' title='bbox 2065 4850 2120 4918; x_wconf 92' lang='lat' dir='ltr'><strong>sol</strong></span> <span class='ocrx_word' id='word_1_639' title='bbox 2136 4847 2218 4916; x_wconf 83' lang='lat' dir='ltr'><strong>vin·</strong></span> 
     </span>
     <span class='ocr_line' id='line_1_98' title="bbox 1228 4949 2216 5044; baseline 0.001 -26"><span class='ocrx_word' id='word_1_640' title='bbox 1228 4951 1360 5021; x_wconf 89' lang='lat' dir='ltr'><strong>citet</strong></span> <span class='ocrx_word' id='word_1_641' title='bbox 1355 4950 1515 5043; x_wconf 89' lang='lat' dir='ltr'><strong>perimit</strong></span> <span class='ocrx_word' id='word_1_642' title='bbox 1549 4974 1568 5019; x_wconf 91' lang='lat' dir='ltr'><strong>a</strong></span> <span class='ocrx_word' id='word_1_643' title='bbox 1599 4949 1755 5021; x_wconf 89' lang='lat' dir='ltr'><strong>brumali</strong></span> <span class='ocrx_word' id='word_1_644' title='bbox 1780 4950 1920 5044; x_wconf 91' lang='lat' dir='ltr'><strong>tropico</strong></span> <span class='ocrx_word' id='word_1_645' title='bbox 1949 4973 2141 5022; x_wconf 81' lang='lat' dir='ltr'><strong>conversus</strong></span> <span class='ocrx_word' id='word_1_646' title='bbox 2168 4952 2216 5020; x_wconf 90' lang='lat' dir='ltr'><strong>ad</strong></span> 
     </span>
     <span class='ocr_line' id='line_1_99' title="bbox 1228 5052 2215 5148; baseline 0 -27"><span class='ocrx_word' id='word_1_647' title='bbox 1228 5052 1495 5147; x_wconf 88' lang='lat' dir='ltr'><strong>aequinoctium</strong></span> <span class='ocrx_word' id='word_1_648' title='bbox 1510 5077 1675 5124; x_wconf 80' lang='lat' dir='ltr'><strong>vernum.</strong></span> <span class='ocrx_word' id='word_1_649' title='bbox 1708 5054 1780 5123; x_wconf 87' lang='lat' dir='ltr'><strong>Per</strong></span> <span class='ocrx_word' id='word_1_650' title='bbox 1792 5056 1903 5124; x_wconf 87' lang='lat' dir='ltr'><strong>boves</strong></span> <span class='ocrx_word' id='word_1_651' title='bbox 1919 5066 2038 5124; x_wconf 88' lang='lat' dir='ltr'><strong>autem</strong></span> <span class='ocrx_word' id='word_1_652' title='bbox 2051 5053 2215 5148; x_wconf 85' lang='lat' dir='ltr'><strong>Geryoni</strong></span> 
     </span>
     <span class='ocr_line' id='line_1_100' title="bbox 1229 5156 2214 5248; baseline -0.002 -24"><span class='ocrx_word' id='word_1_653' title='bbox 1229 5168 1392 5247; x_wconf 89' lang='lat' dir='ltr'><strong>ereptos,</strong></span> <span class='ocrx_word' id='word_1_654' title='bbox 1416 5156 1583 5248; x_wconf 88' lang='lat' dir='ltr'><strong>intelligit</strong></span> <span class='ocrx_word' id='word_1_655' title='bbox 1598 5156 1756 5226; x_wconf 90' lang='lat' dir='ltr'><strong>tonitrua</strong></span> <span class='ocrx_word' id='word_1_656' title='bbox 1772 5159 1818 5226; x_wconf 94' lang='lat' dir='ltr'><strong>ob</strong></span> <span class='ocrx_word' id='word_1_657' title='bbox 1832 5156 2103 5227; x_wconf 89' lang='lat' dir='ltr'><strong>similitudinem</strong></span> <span class='ocrx_word' id='word_1_658' title='bbox 2115 5156 2214 5228; x_wconf 86' lang='lat' dir='ltr'><strong>soni:</strong></span> 
     </span>
     <span class='ocr_line' id='line_1_101' title="bbox 1230 5255 2215 5352; baseline 0.002 -27"><span class='ocrx_word' id='word_1_659' title='bbox 1230 5270 1420 5349; x_wconf 91' lang='lat' dir='ltr'><strong>propterea</strong></span> <span class='ocrx_word' id='word_1_660' title='bbox 1443 5262 1541 5352; x_wconf 95' lang='lat' dir='ltr'><strong>quod</strong></span> <span class='ocrx_word' id='word_1_661' title='bbox 1557 5281 1596 5328; x_wconf 88' lang='lat' dir='ltr'><strong>ea</strong></span> <span class='ocrx_word' id='word_1_662' title='bbox 1614 5259 1705 5328; x_wconf 85' lang='lat' dir='ltr'><strong>fiant</strong></span> <span class='ocrx_word' id='word_1_663' title='bbox 1721 5259 1838 5330; x_wconf 87' lang='lat' dir='ltr'><strong>occiso</strong></span> <span class='ocrx_word' id='word_1_664' title='bbox 1853 5259 2039 5350; x_wconf 90' lang='lat' dir='ltr'><strong>Geryone,</strong></span> <span class='ocrx_word' id='word_1_665' title='bbox 2065 5255 2134 5330; x_wconf 91' lang='lat' dir='ltr'><strong>hoc</strong></span> <span class='ocrx_word' id='word_1_666' title='bbox 2149 5270 2215 5339; x_wconf 89' lang='lat' dir='ltr'><strong>est,</strong></span> 
     </span>
     <span class='ocr_line' id='line_1_102' title="bbox 1229 5355 2215 5452; baseline -0.001 -24"><span class='ocrx_word' id='word_1_667' title='bbox 1229 5358 1329 5428; x_wconf 87' lang='lat' dir='ltr'><strong>linita</strong></span> <span class='ocrx_word' id='word_1_668' title='bbox 1344 5355 1487 5452; x_wconf 87' lang='lat' dir='ltr'><strong>hyeme.</strong></span> <span class='ocrx_word' id='word_1_669' title='bbox 1543 5360 1613 5431; x_wconf 89' lang='lat' dir='ltr'><strong>Sed</strong></span> <span class='ocrx_word' id='word_1_670' title='bbox 1638 5355 1728 5429; x_wconf 90' lang='lat' dir='ltr'><strong>haec</strong></span> <span class='ocrx_word' id='word_1_671' title='bbox 1746 5360 1915 5451; x_wconf 88' lang='lat' dir='ltr'><strong>allegoria</strong></span> <span class='ocrx_word' id='word_1_672' title='bbox 1938 5358 2080 5429; x_wconf 86' lang='lat' dir='ltr'><strong>videtur</strong></span> <span class='ocrx_word' id='word_1_673' title='bbox 2102 5359 2215 5452; x_wconf 87' lang='lat' dir='ltr'><strong>petita</strong></span> 
     </span>
     <span class='ocr_line' id='line_1_103' title="bbox 1229 5460 1382 5553; baseline 0.039 -25"><span class='ocrx_word' id='word_1_674' title='bbox 1229 5460 1382 5553; x_wconf 82' lang='lat' dir='ltr'><strong>longius.</strong></span> 
     </span>
     <span class='ocr_line' id='line_1_104' title="bbox 1654 5563 1703 5633; baseline 0.02 -1"><span class='ocrx_word' id='word_1_675' title='bbox 1654 5563 1703 5633; x_wconf 75' lang='grc'><strong>88</strong></span> 
     </span>
    </p>
   </div>
   <div class='ocr_carea' id='block_1_24' title="bbox 0 0 2396 6256">
    <p class='ocr_par' dir='ltr' id='par_1_28' title="bbox 0 0 2396 6256">
     <span class='ocr_line' id='line_1_105' title="bbox 0 0 2396 6256; baseline 0 0"><span class='ocrx_word' id='word_1_676' title='bbox 0 0 2396 6256; x_wconf 95' lang='lat' dir='ltr'><strong> </strong></span> 
     </span>
    </p>
   </div>
  </div>
 </body>
</html>
