4784 6256
169 290 250 368 ·5s1

236 463 315 534 Vss.
334 457 560 532 135-137.
593 461 753 531 Ultimo
782 483 947 548 semper

233 569 457 655 &pectam
468 568 540 633 dies
553 565 701 646 lamini,
724 564 989 656 diciqaebeatus

232 676 323 740 Ante
339 672 463 739 obitum
479 690 574 736 nemo
590 689 810 753 supremaque
824 665 950 754 funera
966 665 1070 733 debet.

287 787 336 855 Ut
351 781 505 854 athletae
522 809 598 853 non
614 786 735 853 lerunt
754 808 924 851 coronam
942 781 1010 850 nisi
1027 794 1171 871 peracto

183 889 392 960 certamine:
409 887 458 955 ita
466 910 573 957 nemo
584 887 813 978 consequitur
828 886 971 954 laudem
982 884 1171 967 felicitatis,

113 996 117 1003 ‘
181 993 251 1061 nisi
283 1002 428 1083 peracta
456 991 530 1059 vita
563 1001 713 1080 propter
743 988 1024 1058 vicissitudinem
1049 1009 1170 1056 rerum

181 1091 443 1174 humanarum,
468 1105 503 1161 et
518 1090 674 1160 incertos
689 1091 783 1160 vitae
797 1114 911 1161 casus.
964 1089 1061 1158 llaec
1084 1113 1171 1158 vero

182 1196 356 1266 sententia
379 1193 594 1265 adscribitur
616 1192 760 1276 Soloni,
787 1217 916 1285 nempe
943 1194 1051 1261 linem
1076 1193 1170 1259 vitae

181 1300 413 1389 spectandum
433 1320 529 1378 esse,
561 1319 603 1364 ac
625 1295 808 1364 neminem
834 1307 917 1364 ante
943 1295 1083 1395 obitum
1101 1294 1171 1363 dici

181 1402 329 1471 beatum
365 1400 510 1469 debere:
556 1423 625 1491 qua
662 1398 836 1466 sententia
880 1399 977 1489 apud
1009 1397 1172 1466 Herodo-

183 1514 260 1572 tum
282 1502 330 1595 συ)
361 1504 576 1571 admonetur
602 1499 754 1570 Croesus
786 1525 806 1568 a
841 1498 995 1583 Solone,
1036 1523 1082 1568 ne
1106 1500 1172 1567 irn-

183 1605 315 1675 mensis
340 1605 467 1697 opibus
495 1614 531 1670 et
552 1600 664 1670 nimia
689 1600 856 1671 felicitate
879 1603 1010 1683 fretus,
1048 1601 1173 1671 efferat

184 1707 366 1790 animum,
392 1729 499 1799 seque
522 1716 624 1793 putet
644 1705 789 1772 beatum
819 1727 913 1786 esse,
947 1728 1027 1773 cum
1055 1700 1172 1773 adbuc

184 1822 268 1878 ante
286 1809 423 1879 obitum
448 1806 481 1874 ei
496 1805 606 1873 multa
631 1804 746 1874 tristia
772 1805 915 1874 evenire
937 1804 1094 1897 possint,
1136 1805 1173 1873 id

185 1911 406 2003 quodetiam
425 1907 565 1977 accidit.
617 1906 769 1976 Croesus
787 1907 882 1976 enim
898 1921 1022 1998 postea
1038 1932 1058 1975 a
1077 1907 1172 2001 Cyro

185 2024 309 2102 captus
342 2024 377 2078 et
407 2034 518 2100 regno
546 2020 670 2078 exutus
696 2022 765 2088 est;
807 2035 959 2103 cumque
983 2011 1173 2100 impositus

183 2134 273 2204 rogo
289 2122 331 2182 'et
352 2113 424 2179 iarn
449 2113 531 2201 igne
558 2113 770 2180 cremandus
788 2125 897 2193 esset,
924 2125 1008 2181 tunc
1026 2115 1171 2183 demum

185 2216 303 2307 coepit
329 2214 513 2289 recordari
535 2208 641 2283 buius
666 2214 863 2283 sententiae
882 2225 917 2282 et
938 2214 1116 2284 clamare:
1150 2241 1171 2284 ο

185 2318 317 2400 Solon,
341 2316 470 2386 Solon!
509 2314 677 2385 Meminit
692 2311 799 2385 huius
810 2317 1007 2386 sententiae
1023 2330 1058 2386 et
1071 2315 1172 2388 luve-

184 2421 276 2490 nalis
291 2419 357 2514 ⁶⁷),
384 2443 464 2486 cum
480 2417 616 2509 inquit:

412 2554 499 2614 quern
522 2555 580 2592 vox
601 2533 729 2593 ineunda
750 2535 867 2594 Solonis

266 2623 429 2700 Respicere
451 2632 604 2679 extremae
619 2618 666 2700 ⁶⁸)
687 2617 770 2679 iussit
791 2621 886 2698 spatia
908 2621 1011 2680 ultima
1032 2623 1122 2683 vitae.

390 2788 590 2858 Actaeon
626 2787 670 2855 in
704 2813 882 2860 cervum
898 2789 959 2886 ου).

283 2924 445 2996 Actaeon
467 2921 506 2991 in
532 2946 677 2991 cervum
701 2947 915 3008 conversus,
946 2927 1050 2997 docet
1072 2928 1172 3019 prin·

183 3027 277 3118 cipes
312 3026 581 3119 quodammodo
618 3048 745 3094 exuere
770 3027 932 3097 animum
959 3023 1172 3115 humanum,

182 3154 225 3198 ac
240 3132 456 3215 degenerare
474 3127 512 3193 in
531 3137 700 3195 naturam
724 3127 896 3212 lerinam,
920 3130 1007 3200 dum
1031 3134 1172 3204 assidue

181 3230 221 3297 in
243 3228 352 3319 sylvis
375 3239 504 3315 agunt,
536 3226 656 3318 ibique
681 3250 760 3294 cum
783 3229 867 3298 feris
898 3229 1099 3316 luctantur,
1136 3250 1173 3306 et

182 3329 376 3400 assuefiunt
391 3326 571 3395 caedibus.
621 3325 800 3396 Dicuntur
816 3342 936 3399 autem
952 3335 1059 3424 vulgo
1082 3336 1171 3405 dila-

179 3431 278 3509 niari
294 3440 482 3498 venatores
499 3452 519 3497 a
536 3428 704 3511 canibus,
727 3453 807 3499 cum
832 3427 1003 3503 exhausto
1025 3450 1171 3529 sumptu

181 3534 221 3603 in
238 3533 375 3603 alendis
390 3531 537 3603 canibus
552 3532 667 3615 facto,
694 3534 905 3624 rediguntur
927 3538 973 3604 ad
996 3538 1169 3630 inopiam.

180 3636 350 3707 Meminit
365 3631 470 3707 huius
482 3636 625 3705 fabulae
641 3634 848 3728 Euripides;
880 3638 943 3705 sed
965 3638 1073 3710 aliam
1088 3667 1170 3712 can-

180 3765 257 3813 sam
274 3742 390 3811 adfert
405 3766 514 3834 quam
532 3738 703 3821 Ovidius,
726 3763 839 3832 quare
855 3738 1016 3810 Actaeon
1030 3743 1075 3813 sit
1092 3771 1170 3816 mu-

178 3854 274 3913 tatus
297 3845 336 3911 in
358 3866 515 3922 cervum.
568 3840 630 3906 Ait
653 3841 748 3907 enirn
772 3865 854 3910 eum
876 3842 986 3933 impie
1009 3846 1168 3919 locutum

178 3945 222 4015 de
244 3943 342 4026 Diis,
376 3967 456 4010 curn
481 3939 697 4029 gloriaretur
717 3964 753 4008 se
774 3946 1072 4032 praestantiorem
1094 3976 1168 4025 esse

177 4056 388 4111 venatorem
404 4040 480 4128 ipsa
495 4039 626 4108 Diana.
677 4039 785 4111 Extat
798 4044 897 4116 locus
914 4051 1010 4138 apud
1024 4049 1168 4144 Euripi·

177 4146 259 4214 dem
278 4143 317 4211 in
331 4137 481 4211 Bacchis
496 4137 562 4235 ⁷⁹),
588 4141 649 4211 ubi
666 4142 822 4218 Cadmus
838 4152 999 4241 exemplo
1016 4153 1167 4226 Actaeo-

177 4246 235 4316 nis
257 4247 457 4315 admonens
478 4239 659 4330 Penthea,
685 4271 731 4316 ne
756 4250 843 4343 quid
869 4269 1081 4344 arroganter
1105 4273 1168 4329 aut

178 4346 290 4438 impie
306 4347 401 4418 dicat
417 4349 462 4418 de
477 4347 576 4431 Diis,
600 4347 651 4418 ita
668 4348 804 4444 inquit:

224 4462 338 4562 Ὁρᾷς
356 4463 423 4540 τὸν
438 4464 670 4550 Ἀκταίωνος
684 4468 822 4544 ἄθλιον
835 4465 975 4567 μόρον,

185 4628 188 4635 .
216 4563 289 4642 Ὃν
307 4563 486 4662 ὠμόσιτοι
500 4564 695 4655 σκύλακες,
721 4569 766 4652 ἃς
783 4573 993 4669 ἐθρέψατο)

183 4693 186 4696 ·
225 4667 504 4758 Διεσπάσαντο,
531 4668 712 4769 κρείσσον’
734 4674 774 4745 ἐν
792 4672 987 4772 κυνηγίαις

184 4799 190 4810 ’
213 4767 430 4868 Ἀρτέμιδος
445 4770 540 4847 εἶναι
553 4771 808 4868 κομπάσαντ’,
834 4775 875 4847 ἐν
896 4769 1053 4875 ὀργάσιν
1058 4806 1072 4864 ,·

203 5008 253 5072 76)
271 5011 403 5062 Ηοῐοοοι
423 5010 447 5078 l,
461 5011 505 5062 w.

202 5109 613 5180 ωωωωῆωη

201 5213 425 5335 wldeptrenae]
444 5217 486 5267 stc
504 5217 588 5269 Editt.
604 5217 695 5282 labb,
721 5216 795 5268 lass.
804 5213 824 5282 ς’
846 5218 940 5268 loven.
958 5219 1009 5270 Ed.
1027 5219 1159 5287 liupert:

234 5294 252 5334 a
300 5297 398 5351 orgae.

199 5382 248 5448 69)
268 5386 348 5439 ovid.
366 5391 432 5440 Met.
446 5388 492 5454 111,
510 5387 665 5438 155-260.

201 5482 251 5552 7ο)
271 5490 367 5556 ῑοοίρ.
384 5490 481 5543 Bacch.
493 5488 653 5542 777-747.
672 5489 724 5544 tta.
742 5491 856 5545 Sernes.

750 284 874 361 Plllla.
905 286 1019 360 MEL.
1059 287 1262 362 SCRIPTA
1295 282 1633 360 PHILOLOGICA.

2146 288 2224 371 632

1226 458 1378 530 loannes
1405 458 1617 539 Dentiscos,
1658 457 1845 548 episcopus
1880 456 2128 547 Varmiensis,
2165 492 2226 537 50.

1224 564 1318 631 lebat
1345 585 1555 652 comparare
1590 560 1783 629 Actaeonis
1818 586 1923 632 canes
1958 565 2141 654 parisitis,
2181 593 2224 640 ae

1224 665 1382 747 dicebat,
1423 665 1518 733 idem
1554 662 1713 731 accidere
1739 662 1963 756 principibus
1993 692 2012 736 a
2038 670 2224 760 parasitis,

1224 769 1323 862 quod
1344 765 1520 837 Actaeoni
1543 789 1562 833 a
1591 764 1757 848 canibus,
1788 789 1919 860 nempe
1934 783 1978 839 ut·
1996 773 2224 847 devorentur

1225 870 1269 939 ab
1294 871 1356 952 iis,
1382 894 1473 962 quos
1493 869 1604 939 alunt.
1665 866 1789 960 ltaque
1809 869 1846 937 in
1868 872 2071 966 principem
2096 879 2223 949 adula-

1224 972 1363 1042 toribus
1386 984 1421 1041 et
1441 971 1608 1062 parasitis
1628 970 1901 1058 circumfusum,
1942 976 2218 1075 immodicisque

1225 1074 1476 1165 largitionibus
1515 1074 1716 1167 perditum,
1761 1090 1972 1169 competunt
2015 1076 2055 1149 hi
2096 1108 2217 1158 versus

1275 1213 1368 1311 (Vss.
1385 1213 1462 1288 249
1477 1214 1565 1308 sq.):
1597 1218 1749 1309 Undique
1768 1219 2008 1303 circumstant,
2035 1229 2221 1321 mersisque

1639 1322 1677 1386 ἱιι
1696 1341 1832 1409 corpore
1847 1325 1970 1391 rostris

1261 1421 1464 1492 Dilocerant
1479 1422 1650 1489 dominum
1661 1419 1749 1508 falsi
1762 1420 1809 1516 ⁷¹)
1826 1425 1887 1492 sad
1904 1428 2054 1516 imagine
2068 1437 2167 1500 cervi.

1600 1624 1771 1694 Semele
1798 1625 1857 1718 ⁷²).

1327 1755 1403 1845 Etsi
1425 1783 1553 1849 magna
1579 1784 1661 1850 pars
1677 1763 1928 1834 narrationum
1953 1769 1996 1838 de
2015 1768 2156 1841 Cadmo
2181 1785 2216 1842 et

1227 1859 1301 1928 eius
1319 1861 1471 1950 posteris
1488 1865 1852 1935 commonefactiones
1868 1869 1911 1937 de
1926 1869 2084 1940 moribus
2100 1875 2210 1940 etiam

1226 1963 1402 2030 continet:
1431 1975 1551 2032 tamen
1565 1960 1736 2037 historiae
1751 1969 1882 2039 multae
1904 1971 2083 2041 involutae
2109 1986 2207 2058 sunt,

1225 2077 1261 2133 et
1285 2065 1416 2134 mixtae
1440 2080 1523 2135 sunt
1539 2069 1804 2142 admonitiones
1822 2068 2070 2165 physicae„ut
2084 2076 2213 2145 multis

1226 2166 1304 2237 aliis
1320 2169 1588 2240 narrationibus
1609 2186 1828 2244 concurrunt
1848 2170 2037 2261 historica,
2062 2172 2215 2270 physica

1225 2282 1260 2337 et
1283 2266 1410 2341 ethica.
1481 2271 1704 2345 Vocabulum
1728 2276 1884 2349 Cadmus
1912 2291 2008 2349 certo
2036 2280 2213 2370 significat

1225 2370 1468 2456 Orientalem,
1495 2376 1577 2464 quia
1600 2372 1658 2445 bic
1684 2382 1758 2449 dux
1777 2405 1820 2452 ex
1834 2378 2032 2454 Phoenicia
2056 2384 2211 2468 advenit,

1226 2488 1261 2544 et
1283 2476 1366 2544 inde
1391 2477 1529 2548 litteras
1555 2491 1590 2546 et
1610 2481 1792 2553 doctrinas
1819 2484 1857 2553 in
1872 2484 2064 2557 Boeotiam
2082 2488 2212 2580 attulit.

1224 2579 1360 2647 Semele
1377 2578 1549 2669 significat
1565 2582 1816 2670 simulacrum,
1844 2602 1879 2656 et
1893 2585 1990 2658 haud
2005 2588 2112 2659 dubie
2123 2591 2212 2659 ritus

1225 2680 1311 2749 novi
1334 2706 1354 2749 a
1378 2681 1514 2751 Cadmo
1537 2686 1637 2755 allati
1660 2701 1754 2759 sunt.
1804 2687 1889 2760 ldeo
1911 2692 2057 2782 fingitur
2074 2692 2212 2763 Semele

1225 2794 1344 2852 amata
1372 2807 1446 2854 esse
1474 2809 1493 2853 a
1524 2784 1627 2874 love,
1666 2793 1703 2859 id
1727 2804 1796 2872 est,
1829 2817 1944 2861 novos
1971 2807 2004 2860 et
2029 2795 2216 2882 speciosos

1225 2886 1314 2957 ritus
1333 2898 1418 2956 tunc
1433 2904 1594 2982 receptos
1613 2917 1696 2964 esse.
1736 2892 1956 2962 Vocabulum
1975 2890 2041 2961 Ino
2058 2918 2214 2985 prorsus

1225 2989 1399 3079 significat
1421 2991 1536 3076 idem,
1567 2997 1661 3088 quod
1679 2992 1837 3065 Fortuna
1860 2993 2012 3066 Latinis.
2066 2995 2117 3065 Et
2136 2998 2210 3067 for-

1225 3091 1327 3163 tassis
1352 3092 1458 3162 etiam
1491 3121 1624 3166 nomen
1646 3096 1714 3167 fuit
1737 3121 1853 3168 novae
1876 3111 2016 3169 statuae
2037 3111 2074 3167 et
2097 3121 2215 3169 novo-

1224 3218 1305 3263 rum
1328 3195 1476 3267 rituum.
1538 3197 1613 3269 Aut
1632 3200 1845 3291 significavit
1867 3201 2019 3293 imperia
2041 3202 2214 3274 constitui

1223 3320 1299 3365 non
1322 3293 1489 3371 humanis
1517 3303 1691 3388 consiliis,
1730 3305 1792 3376 sed
1822 3305 1960 3376 arcanis
1988 3317 2024 3375 et
2044 3305 2214 3376 fatalibus

1224 3399 1360 3484 causis,
1386 3428 1538 3496 quarum
1558 3419 1705 3478 eventus
1719 3408 1929 3478 nominatur
1944 3409 2104 3480 fortuna.

1337 3637 1543 3712 Bacchus
1577 3643 1623 3711 in
1655 3645 1859 3716 foemore
1893 3644 2013 3718 lovis
2033 3644 2090 3740 ²⁸).

1325 3776 1612 3847 Consentaneum
1637 3793 1689 3852 est
1714 3779 1888 3852 Cadmum
1911 3795 2124 3853 monstrasse
2147 3805 2210 3851 ra·

1222 3877 1357 3948 tionem
1374 3883 1562 3971 plantandi
1576 3882 1683 3967 vites,
1711 3898 1746 3955 et
1762 3896 1874 3953 artem
1893 3886 2044 3976 putandi
2063 3898 2098 3954 et
2120 3910 2212 3956 uvas

1223 3983 1457 4072 exprimendi.
1507 3982 1554 4053 Et
1568 3986 1651 4079 quia
1673 3988 1883 4059 beneficium
1899 3988 1967 4058 Dei
1984 4013 2058 4060 esse
2073 3987 2211 4059 iudica-

1220 4086 1345 4169 batur,
1372 4086 1503 4156 dicitur
1516 4085 1676 4160 Bacchus
1701 4116 1744 4162 ex
1758 4091 1914 4175 Semele,
1946 4093 1985 4161 id
2010 4105 2079 4174 est,
2112 4093 2208 4161 cultu

1220 4188 1308 4272 Dei,
1343 4202 1449 4262 natus
1472 4214 1557 4262 esse.
1623 4195 1697 4264 Aut
1721 4188 1864 4288 pbysica
1896 4209 1980 4267 sunt
2009 4194 2206 4264 involucra.

1219 4291 1356 4363 Semele
1375 4308 1426 4364 est
1443 4307 1557 4378 terra,
1585 4320 1627 4365 ex
1641 4299 1740 4370 cuius
1757 4295 1908 4369 humore
1932 4309 1967 4369 et
1991 4296 2208 4391 pinguedine

1220 4395 1301 4466 vitis
1324 4400 1364 4466 lit
1385 4399 1572 4468 foecunda.
1645 4400 1695 4470 Ut
1728 4415 1847 4472 autem
1875 4414 2036 4472 crescant
2058 4425 2151 4472 uvae
2175 4411 2208 4469 et

1144 4530 1167 4597 Ι·
1219 4514 1504 4594 percoquantnr,
1543 4527 1648 4572 aereo
1677 4517 1713 4574 et
1741 4504 1842 4575 suavi
1875 4505 1994 4575 calore
2028 4505 2207 4574 fovendae

1217 4615 1312 4672 sunt.
1379 4601 1479 4673 Talis
1509 4616 1561 4674 est
1593 4603 1687 4677 lovis
1721 4608 1836 4688 calor;
1872 4632 1913 4678 ac
1947 4633 2004 4679 res
2039 4605 2207 4687 ostendit,

1218 4707 1362 4797 quando
1378 4718 1596 4798 temperatus
1611 4722 1645 4778 et
1661 4710 1780 4780 suavis
1807 4709 1924 4796 calor,
1950 4724 2142 4807 postquam
2162 4730 2204 4776 ex

1216 4807 1347 4879 vitibus
1372 4833 1533 4899 gemmae
1558 4825 1703 4883 exortae
1726 4826 1829 4897 sunt,
1870 4814 2036 4897 accessit,
2077 4811 2207 4883 melius

1216 4909 1321 5003 coqui
1336 4937 1443 4997 uvas,
1469 4924 1504 4983 et
1522 4913 1620 5005 gigni
1637 4915 1718 4985 vina
1736 4916 1898 4989 meliora.

1215 5104 1420 5122 Μ

1250 5215 1298 5284 ιι)
1322 5223 1467 5277 amram
1490 5225 1578 5296 μοι]
1608 5208 1653 5280 'ne
1675 5227 1759 5282 ιιοιιι.
1782 5229 1875 5296 raas,
1911 5228 2004 5295 asse,
2041 5224 2123 5282 ona.
2153 5223 2206 5276 ns,

1280 5293 1389 5348 Mltsolr.
1405 5295 1480 5362 {alsi
1496 5297 1652 5352 σοαιιιιοιιιι.

1244 5393 1292 5461 77)
1312 5397 1392 5448 oeta.
1410 5402 1476 5449 Met.
1489 5399 1537 5465 lll,
1552 5400 1605 5450 260
1617 5415 1676 5465 sqq.

1243 5496 1292 5565 7⁸)
1309 5499 1388 5551 (lvld.
1405 5501 1473 5556 Mat.
1487 5502 1536 5567 111,
1546 5502 1600 5557 81⁰
1610 5516 1671 5569 sqq.

1518 5830 1551 5891 lt*
