4778 6240
136 352 143 371 ,
173 281 249 354 aaa

275 448 337 519 Vs.
354 447 441 518 898.
468 449 642 517 1131333311
657 452 743 517 sutis
758 448 823 540 eat]
851 448 888 514 id
913 462 984 533 est,
1019 463 1163 540 oportet

174 553 325 626 subinde
341 551 508 617 renovari
524 546 619 616 hunc
636 549 809 618 laborem.
888 550 898 562 ”

277 652 337 721 Vs.
355 649 441 721 407.
477 654 701 744 Persequitur
721 646 838 746 vitem]
874 674 960 718 man
983 677 1079 722 muss
1103 654 1163 721 be-

178 753 391 845 schneyden.

279 854 339 924 Vs.
355 853 442 925 408.
468 857 608 923 Primus
623 856 776 945 humum]
802 851 935 922 scilicet
956 852 994 920 in
1012 877 1106 924 vere.

277 956 338 1027 Vs.
355 954 443 1026 409.
467 958 668 1046 Sarmata]
694 956 730 1022 id
748 967 821 1038 est,
847 954 906 1022 1113
924 955 1081 1046 praecisa
1105 979 1162 1024 ra-

174 1073 294 1130 menta
311 1058 451 1127 vitium.

277 1159 338 1228 Vs.
354 1161 440 1229 410.
468 1156 677 1248 Postremus]
702 1153 743 1223 In
761 1155 848 1226 locis
871 1157 1163 1229 foecundioribus

177 1278 229 1335 est
244 1263 424 1330 vindemia
439 1260 623 1352 aliquanto
640 1258 771 1338 serior,
797 1281 905 1349 quam
922 1258 960 1326 in
984 1260 1071 1329 13313
1095 1261 1163 1327 mi-

176 1392 244 1435 nus
260 1363 463 1432 foecundis:
491 1361 583 1428 utin
600 1353 729 1428 Rheno
746 1372 798 1427 est
818 1360 931 1449 magis
950 1385 1030 1429 'sera
1053 1386 1161 1455 quam

176 1468 293 1538 lenae.
418 1464 644 1554 1113331133]
677 1462 713 1528 id
742 1473 813 1542 est,
846 1461 900 1530 bis
925 1456 1059 1531 habent
1084 1489 1162 1531 um-

176 1573 299 1650 bram,
339 1567 495 1658 primum
532 1589 705 1647 vernam,
744 1563 872 1631 deinde
906 1565 1162 1649 autumnalem,

177 1674 233 1741 vel
250 1673 300 1741 sic
314 1670 367 1739 bis
384 1669 583 1759 putandum
600 1679 670 1749 est,
700 1665 808 1732 arbor
824 1678 859 1733 et
873 1665 967 1736 vitis.

279 1771 340 1842 Vs.
364 1770 450 1843 412.
498 1773 653 1840 Laudato
684 1772 836 1860 iugentia
865 1769 967 1858 rura]
1006 1762 1161 1836 Pulchra

178 1874 364 1946 sententia.
432 1872 613 1962 Significat
643 1883 760 1939 autem
784 1870 911 1940 melius
935 1895 1008 1940 esse
1030 1865 1162 1938 babere

179 1975 420 2046 conditionem
447 1975 684 2056 mediocrem,
730 1985 838 2065 atque
861 1973 966 2056 ‚illam
999 1972 1162 2062 gnaviter

179 2079 356 2158 excolere,
383 2100 490 2169 quam
504 2073 636 2144 habere
651 2076 892 2165 superiorem,
919 2075 976 2143 cui
991 2099 1066 2143 non
1081 2099 1163 2166 pos-

179 2183 287 2251 simus
312 2203 486 2268 praeesse.
553 2178 631 2244 Hue
654 2177 810 2266 pertinet
831 2177 1021 2246 sententia:
1055 2178 1162 2268 Spar-

179 2296 272 2364 tam,
299 2304 408 2371 quam
426 2293 550 2347 nactus
568 2304 623 2360 33,
651 2303 752 2349 orna.
785 2277 923 2349 Videtis
939 2279 1010 2346 iam
1029 2280 1163 2369 episco-

178 2410 244 2477 pos
264 2395 431 2470 appetere
449 2382 575 2448 uuiltos
593 2381 834 2470 episcopatus,
862 2405 942 2448 cum
966 2381 1084 2450 nullus
1104 2405 1163 2449 eo-

178 2512 259 2556 rum
283 2483 348 2563 sit,
384 2484 445 2573 qui
472 2483 582 2571 possit
603 2505 725 2571 regere
750 2507 860 2550 uuam
885 2506 1035 2571 parvam
1055 2483 1163 2549 eccle·

179 2587 320 2661 siolaru,
345 2595 380 2648 et
394 2607 468 2649 non
483 2595 658 2672 appetunt
673 2583 826 2666 labores,
853 2586 914 2653 sed
933 2585 1080 2668 reditus,
1098 2597 1163 2654 etc.

283 2682 342 2752 Vs.
358 2681 443 2754 413.
486 2689 609 2771 [tusci]
635 2685 793 2755 Ruscum
810 2685 984 2776 significat
1001 2688 1162 2777 ligacula,

180 2790 309 2884 quibus
332 2787 487 2878 ligantur
513 2789 614 2857 vites.
665 2786 730 2857 Est
753 2801 872 2857 antem
894 2789 1083 2880 peculiaris
1108 2813 1163 2856 ar·

178 2896 267 2974 bor,
293 2915 335 2959 ex
350 2916 418 2984 qna
434 2893 524 2959 finnt
537 2890 619 2958 illae
635 2913 782 2980 scopae,
807 2892 938 2984 quihus
952 2905 1065 2962 vestes
1079 2916 1164 2982 pnr-

179 3007 328 3086 gantur,
355 2995 411 3062 die
431 3017 535 3062 rosen
552 2995 672 3061 besen.

280 3093 340 3164 Vs.
357 3095 442 3167 415.
470 3097 607 3186 satiat]
634 3095 757 3177 idest,
784 3095 931 3166 saliceti.

280 3195 340 3265 Vs.
358 3197 443 3268 416.
470 3200 662 3288 Reponuat]
688 3211 876 3290 postquam
896 3209 1018 3289 putata
1036 3208 1129 3266 sunt.

281 3297 341 3367 Vs.
358 3299 444 3369 417.
470 3303 592 3392 Antea]
619 3300 743 3383 idest,
771 3300 925 3370 ordines.

280 3398 342 3468 Vs.
359 3400 442 3473 419.
470 3405 614 3494 Iupiter]
642 3403 677 3470 id
704 3416 774 3486 est,
808 3403 929 3493 magni
950 3399 1084 3469 laboris
1107 3423 1164 3466 co-

180 3506 252 3577 lere
269 3506 401 3577 vineas.

281 3607 342 3680 Vs.
367 3609 452 3681 420.
494 3613 619 3679 Contra
648 3608 730 3696 nort]
761 3603 950 3675 Decimum
981 3617 1164 3673 octavum:

181 3712 264 3782 Nou
280 3723 332 3779 est
349 3737 438 3800 opus
453 3733 584 3796 magno
601 3709 724 3774 labore
740 3707 776 3773 in
792 3709 949 3777 colendis
965 3708 1064 3776 oleis.

284 3810 346 3882 Vs.
363 3813 449 3885 421.
475 3811 621 3897 Fulcem]
657 3809 691 3875 id
717 3822 788 3888 est,
814 3834 888 3877 non
914 3824 966 3880 est
991 3834 1080 3901 opus
1102 3832 1166 3898 pu-

182 3917 332 3982 tatione.

284 4014 345 4085 Vs.
363 4016 449 4090 423.
476 4014 586 4104 Satis]
615 4013 860 4082 3311133131313.

284 4116 345 4201 Vs,
363 4117 449 4192 425.
476 4118 652 4207 ltu-ruer]
688 4114 893 4183 Atticismus
917 4116 1078 4206 passivus
1100 4080 1196 4204 prol

183 4221 311 4290 activo.

285 4325 345 4395 Vs.
360 4327 446 4398 480.
471 4325 633 4415 aviaria]
662 4307 697 4390 id
713 4333 782 4401 est,
808 4320 939 4411 sylvae.
991 4318 1171 4413 Loquitur

184 4434 227 4499 de
259 4426 348 4513 illis,
384 4453 475 4524 quae
508 4438 703 4496 nascuntur
735 4423 811 4494 sine
839 4433 963 4491 nostro
988 4422 1112 4490 labore
1135 4435 1171 4492 et

185 4535 334 4603 cultura.

283 4634 344 4703 Vs.
371 4632 458 4704 488.
493 4636 537 4700 Et
564 4634 734 4722 duditant]
768 4628 804 4697 id
834 4639 905 4709 est,
938 4651 1016 4696 cum
1041 4638 1169 4696 natura

186 4750 260 4804 tam
278 4738 390 4806 multa
406 4758 471 4824 per
487 4756 523 4801 se
539 4745 723 4820 procreet,
749 4733 932 4800 imitemur
946 4753 1038 4800 eam.

286 4837 349 4910 Vs.
373 4837 459 4909 430.
496 4835 615 4921 Metu]
648 4834 685 4901 id
718 4846 786 4917 est,
820 4845 872 4903 est
900 4856 990 4921 opus
1020 4833 1173 4903 arbustis

186 4955 337 5034 propter
353 4966 448 5032 apes.

286 5044 349 5114 Vs.
365 5041 451 5113 487.
479 5037 656 5128 Cytorum]
682 5035 843 5104 Montem
860 5031 1140 5127 Paphlagoniae.

587 226 612 257 '
634 258 851 350 nxxxvru.
901 274 1184 351 ENARRATIO
1225 276 1506 352 oaoaorcou
1539 279 1744 355 vmouu.

2130 297 2207 372 894

1316 449 1377 521 Vs.
1400 449 1487 522 443.
1520 453 1641 544 Pinus]
1675 449 1836 523 Fichten.
1941 462 2124 553 0331333333
2137 465 2202 557 87)]

1213 547 1387 621 Existimo
1397 556 1541 621 cedrum
1557 578 1630 622 esse
1646 555 1760 624 simile
1774 555 1944 648 quiddam
1956 562 2087 630 nostris
2100 589 2204 656 quer-

1215 653 1336 722 cubus.
1387 653 1472 724 Non
1491 656 1714 724 consumitur
1728 658 1833 727 carie.

1316 752 1376 824 Vs.
1395 754 1484 826 447.
1524 760 1732 852 uestitum]
1766 761 1803 828 id
1832 771 1904 845 est,
1935 761 2038 852 pilis,
2073 763 2202 854 quibus

1214 852 1269 922 usi
1286 868 1369 925 sunt
1385 856 1542 925 Romani
1566 859 1706 929 milites.

1318 955 1379 1028 Vs.
1398 957 1483 1029 448.
1516 958 1742 1058 1113333330]
1771 962 1893 1043 idest,
1917 963 2110 1047 Arabicos,
2136 967 2202 1036 sic-

1213 1070 1254 1127 ut
1281 1055 1397 1131 adhuc
1428 1060 1480 1128 illi
1509 1063 1633 1152 populi
1662 1064 1756 1132 inter
1781 1064 1952 1133 Arabiam
1977 1079 2011 1133 et
2029 1065 2200 1136 Palaesti-

1214 1182 1319 1242 nam,
1352 1187 1442 1252 quos
1457 1158 1644 1233 Idumaeos
1662 1179 1696 1233 et
1711 1164 1907 1236 Ismaelitas
1933 1179 2084 1248 vocant,
2117 1182 2200 1237 sunt

1214 1260 1418 1350 peritissimi
1449 1265 1535 1334 artis
1566 1267 1730 1346 bellicae;
1765 1291 1800 1336 es
1832 1268 1877 1336 ist
1907 1270 1965 1337 ein
1993 1267 2199 1340 rauberisch

1214 1362 1460 1433 abenteurisch
1476 1368 1591 1436 volck.
1633 1370 1819 1437 Pontanus
1833 1370 1973 1452 scribit,
1999 1369 2199 1442 Robertum

1214 1463 1484 1550 Sansescanum‚
1511 1470 1573 1560 qui
1588 1471 1657 1538 fuit
1673 1471 1832 1560 egregius
1846 1473 2011 1552 bellator,
2038 1485 2073 1540 et
2088 1475 2197 1562 paulo

1214 1578 1296 1633 ante
1326 1580 1449 1636 nostra
1474 1582 1637 1661 tempora
1659 1572 1765 1653 vixit,
1798 1573 1961 1641 videlicet
1983 1575 2074 1642 cirea
2100 1577 2199 1665 prin-

1214 1667 1345 1757 cipium
1370 1668 1513 1761 imperii
1528 1671 1785 1753 Maximiliani,
1809 1675 1962 1744 voluisse
1984 1675 2105 1744 videre
2127 1691 2198 1747 ter-

1214 1793 1291 1837 ram
1324 1784 1494 1842 sanctam.
1553 1772 1601 1841 Et
1631 1799 1710 1844 cum
1741 1799 1783 1842 eo
1813 1778 1993 1864 protectus
2014 1791 2121 1860 esset,
2162 1792 2198 1846 et

1214 1871 1321 1939 etiam
1346 1886 1510 1965 pergeret
1533 1899 1575 1943 ex
1591 1875 1793 1945 Palaestina
1816 1879 1861 1944 ad
1879 1879 2073 1947 videndum
2090 1904 2197 1946 mon·
2288 1959 2291 1965 ,

1214 1985 1284 2041 tem
1301 1974 1421 2060 Sinai,
1447 1977 1498 2044 ibi
1522 1977 1669 2070 quidam
1694 2003 1736 2046 ex
1753 1980 2004 2048 deductoribus
2019 1980 2137 2071 inquit
2152 1982 2199 2047 ad

1213 2074 1430 2145 Rohertum:
1458 2077 1634 2164 Domine,
1659 2080 1764 2148 video
1788 2083 1891 2151 nobis
1915 2082 2055 2149 obviam
2075 2082 2196 2149 venire

1212 2178 1390 2261 latrones,
1421 2204 1497 2248 non
1523 2205 1667 2269 possum
1691 2207 1755 2251 vos
1778 2185 1882 2253 tueri.
1942 2182 2121 2253 Robertus
2142 2208 2197 2251 re-

1214 2281 1375 2370 spondit:
1403 2280 1608 2365 Benetacis,
1633 2287 1993 2375 quodmeadmones.
2032 2283 2080 2353 Et
2095 2309 2197 2376 prae-

1214 2381 1305 2450 senti
1320 2383 1440 2449 animo
1457 2384 1575 2452 statim
1592 2385 1711 2468 iubet,
1744 2399 1784 2453 nt
1800 2399 1960 2456 sternant
1977 2399 2095 2469 toros,
2120 2400 2198 2453 tan-

1215 2507 1321 2575 quam
1344 2484 1522 2573 pransuri.
1574 2486 1806 2575 Expromitur
1830 2488 1948 2579 itaque
1974 2489 2075 2577 pauis
2097 2500 2132 2575 et
2147 2488 2198 2554 la-

1214 2607 1302 2674 gena
1334 2585 1427 2666 vini,
1463 2598 1528 2655 etc.
1587 2585 1734 2656 Interim
1769 2590 1964 2655 adveniunt
1993 2589 2197 2669 latrunculi,

1215 2687 1338 2754 vident
1359 2699 1569 2776 apparatam
1589 2713 1761 2757 mensam.
1813 2687 1864 2755 lbi
1880 2689 2060 2756 llobertus
2077 2689 2197 2755 statim

1214 2813 1278 2879 per
1309 2790 1538 2857 deductorem
1570 2803 1605 2857 et
1633 2790 1862 2879 interpretem
1890 2789 2130 2878 excepieeos,
2163 2800 2198 2854 et

1213 2892 1361 2958 mandat
1392 2892 1596 2973 deductori,
1628 2904 1669 2960 ut
1696 2892 1791 2960 dicat
1822 2893 1890 2974 eis,
1923 2891 2043 2958 videre
2078 2914 2114 2959 se
2137 2912 2198 2957 eos

1214 2989 1378 3061 homines
1399 2993 1451 3062 rei
1476 2993 1640 3064 militaris
1663 2994 1816 3083 peritos,
1839 3007 1874 3062 et
1896 3018 1932 3062 se
1955 3016 2098 3084 quoque
2123 3014 2198 3060 esse

1214 3090 1398 3162 hominem
1427 3096 1637 3174 militarem;
1678 3120 1751 3164 esse
1782 3107 1901 3164 autem
1933 3091 2028 3163 hune
2059 3116 2198 3160 morem

1215 3198 1352 3287 patriae
1379 3219 1483 3279 suae,
1517 3209 1577 3277 ut,
1611 3197 1641 3265 si
1665 3198 1810 3288 quando
1834 3195 2067 3264 convenerint
2090 3194 2199 3259 bella-

1216 3311 1330 3380 tores,
1371 3297 1545 3367 amicitias
1581 3294 1811 3366 contrahant:
1855 3320 1965 3389 quare
1991 3319 2119 3383 rogare
2151 3318 2200 3377 se,

1215 3414 1256 3471 ut
1276 3424 1347 3469 nna
1371 3424 1515 3492 quoque
1537 3400 1703 3491 pransuri
1730 3401 1950 3469 accumbant.
2008 3395 2071 3465 lsti
2090 3397 2200 3464 latro-

1216 3529 1279 3573 nes
1302 3502 1523 3571 deleetantur
1547 3503 1770 3571 sermonibus
1786 3499 1936 3570 ltoberti
1959 3499 2073 3589 plenis
2090 3496 2199 3565 comi-

1217 3619 1301 3688 tate,
1323 3618 1359 3673 et
1372 3607 1597 3675 accumbunt.
1649 3606 1811 3672 Tandem
1829 3615 1910 3692 post
1927 3602 2116 3690 prandium
2127 3599 2201 3666 Ro-

1216 3710 1338 3777 bertus
1355 3709 1466 3776 multa
1483 3711 1577 3775 dona
1597 3706 1791 3798 expromit,
1817 3702 1899 3772 huic
1914 3706 1976 3770 dat
1990 3713 2200 3788 argenteum

1218 3810 1429 3901 pugionem,
1456 3811 1506 3877 1111
1529 3835 1696 3890 aureum,
1722 3821 1808 3890 etc.,
1840 3819 1875 3874 et
1898 3805 1945 3871 ita
1969 3802 2114 3891 singulis
2136 3800 2199 3866 ali-

1219 3912 1305 4005 quid
1331 3914 1453 3981 donat.
1504 3909 1560 3980 Illi
1580 3913 1712 4000 gratias
1735 3922 1877 4000 agentes
1900 3907 2102 3985 discedunt,
2136 3926 2200 3992 po-

1219 4012 1341 4084 stridie
1363 4014 1513 4082 veniunt
1534 4016 1646 4081 multo
1664 4013 1928 4090 instructiores,
1954 4020 1988 4075 et
2001 4006 2200 4073 Rohertum

1221 4141 1301 4184 cum
1325 4114 1396 4182 suis
1422 4117 1602 4182 abducunt
1627 4117 1664 4182 in
1686 4137 1804 4181 arcem
1830 4113 2031 4204 quandam,
2065 4120 2201 4174 etcum

1220 4215 1414 4287 lautissime
1437 4229 1665 4297 tractassent,
1692 4216 1913 4282 dimiserunt.
1965 4209 2018 4276 1111
2037 4210 2104 4299 ipsi
2120 4217 2203 4275 sunt

1220 4315 1365 4411 lthyrei.

1322 4419 1382 4489 Vs.
1398 4415 1484 4489 451.
1520 4417 1647 4507 Alnus]
1682 4416 1799 4488 Nares
1830 4415 1912 4482 inde
1940 4413 2051 4493 fiunt,
2081 4407 2118 4476 id
2141 4418 2205 4489 est,

1221 4546 1352 4614 magna
1369 4522 1503 4592 utilitas
1520 4532 1572 4588 est
1587 4520 1693 4587 etiam
1709 4529 1836 4609 sponte
1849 4513 2083 4583 nascentium.

1322 4624 1385 4695 Vs.
1400 4617 1487 4696 464.
1513 4623 1695 4714 Bueettea'n]
1721 4623 1758 4688 id
1779 4631 1850 4700 est,
1874 4638 2024 4705 magnae
2041 4623 2123 4682 sunt
2136 4607 2206 4678 uti-

1222 4730 1338 4800 litates
1352 4727 1594 4819 reliquorum,
1619 4749 1693 4793 non
1712 4724 1869 4791 minores
1885 4742 1993 4811 quam
2008 4714 2148 4782 vitium.

1322 4829 1383 4900 Vs.
1394 4825 1481 4900 456.
1501 4832 1684 4901 centauro.
1699 4820 1778 4925 teto]
1793 4821 2086 4913 VideOdysseam
2099 4810 2208 4909 (pfl).

1324 4932 1385 5003 Vs.
1403 4929 1490 5003 458.
1518 4935 1546 5004 0
1564 4930 1772 5020 fortunatos]
1798 4923 2011 4995 Encomium
2032 4919 2126 4986 vitae
2147 4936 2208 4980 ru·

1223 5032 1351 5117 eticae,
1386 5048 1507 5129 estque
1533 5029 1593 5102 hic
1615 5033 1714 5102 locus
1739 5025 1939 5098 eommunis
1959 5025 2066 5116 plane
2087 5013 2209 5086 rheto-

288 5144 453 5215 113438.
480 5142 715 5231 Nuryrtueque
734 5137 837 5228 pieta]
864 5137 917 5206 Ex
943 5162 1014 5206 una
1038 5137 1175 5233 Ulyqair
1224 5135 1330 5207 ricus.

189 5245 320 5314 insula.
383 5245 446 5312 Est
467 5264 617 5328 magnus
637 5264 720 5309 usus
741 5239 829 5330 picis
849 5239 888 5306 in
910 5240 1032 5308 multis
1055 5236 1175 5322 rebus,

191 5359 229 5414 et
251 5344 428 5413 maximus
450 5355 615 5434 quaestus
640 5355 692 5411 est
713 5340 885 5410 Sarmatis
906 5352 940 5407 et
956 5339 1108 5410 Rutenis
1133 5365 1174 5409 ex

191 5472 259 5518 usu
274 5445 382 5538 picis,
409 5443 524 5536 quiin
539 5443 705 5533 Angliam
723 5454 758 5512 31
774 5441 842 5511 3113
855 5441 934 5511 loca
952 5438 1096 5513 vehunt.

1260 5299 1308 5365 8⁷)
1328 5300 1503 5364 cedrosque]
1521 5299 1560 5349 313
1577 5299 1627 5350 Ed.
1644 5297 1737 5361 tota,
1759 5295 1809 5344 Ed,
1828 5293 1966 5353 wagner.
1985 5288 2163 5348 cedrumque.

1259 5385 1309 5444 88)
1327 5386 1473 5446 reterens]
1494 5383 1603 5434 3131131.
1620 5384 1712 5445 totta
1736 5381 1787 5430 Et.
1804 5378 1943 5441 Wagner.
1961 5374 2107 5425 [turam.

1260 5470 1310 5530 ³9)
1327 5471 1405 5523 nvn.
1424 5469 1474 5523 (td
1487 5467 1568 5532 xxt,
1584 5466 1638 5519 298
1655 5479 1714 5526 sqq.
