4784 6256
307 1166 558 1256 mxxxvi.
614 1166 989 1255 carnoten.
1022 1165 1605 1257 larnaranrsrro
1639 1165 1950 1271 Anronor
1987 1167 2344 1264 neronam-

268 1336 271 1343 ·
366 1311 625 1424 Mantua
662 1312 1131 1420 antoanmoon
1170 1314 1558 1406 anonumum
1593 1313 1960 1431 varannae,
2000 1318 2286 1422 anonam

878 1462 1254 1554 recreans
1294 1461 1541 1556 rameri
1578 1459 1776 1551 soror.

306 1751 464 1864 Praeter
484 1800 614 1862 carmina
635 1797 845 1880 praecedentia
865 1798 1039 1861 Melanthon
1061 1802 1149 1880 plura
1169 1804 1246 1882 alia,
1273 1819 1351 1882 quae
1371 1821 1390 1862 a
1411 1800 1560 1862 veteribus
1580 1801 1771 1881 scriptoribus
1793 1804 1907 1880 graecis
1929 1802 2036 1881 passim
2058 1802 2231 1882 mudantur,
2260 1829 2340 1888 qua.

307 1909 374 1952 rnm
394 1896 529 1949 auctores
551 1896 652 1946 autem
672 1886 765 1965 ignoti
786 1896 871 1958 sunt,
900 1903 919 1944 e
940 1902 1047 1963 graeco
1069 1903 1205 1948 sermone
1225 1890 1258 1947 in
1278 1889 1402 1949 latinam
1421 1887 1609 1979 convertit„
1621 1903 1699 1965 quae
1720 1905 1800 1947 nune
1821 1887 1926 1947 ordine
1947 1888 2128 1968 alphabetico
2150 1892 2343 1973 scriptoram,

307 1974 388 2058 apud
409 1993 482 2054 qnos
503 1989 609 2052 graeca
634 1978 807 2047 occurrunt,
839 1971 978 2051 disposita
999 1970 1142 2052 deinceps
1161 1972 1336 2036 afferemusr

615 2089 646 2155 1.
690 2087 959 2171 Epigrammata
987 2100 1132 2171 quatuor
1160 2111 1208 2154 aa·
1228 2093 1432 2156 Aeschinis
1459 2092 1612 2153 oratione
1640 2099 1761 2153 eontra
1783 2087 2040 2170 Ctesiphontem.
2166 2140 2170 2145 .

393 2215 430 2274 ln
451 2212 507 2273 hac
532 2210 665 2271 oratione
686 2211 899 2290 epigrammata
921 2210 1017 2270 triam
1031 2221 1192 2272 statuarum
1213 2213 1252 2273 ad
1272 2214 1463 2291 Strymonem
1480 2211 1605 2272 fluvium
1625 2213 1786 2292 positarum
1807 2213 1916 2274 eiribns
1937 2215 2057 2292 Atticis,
2093 2215 2144 2296 qui
2164 2214 2269 2277 Medos
2291 2235 2345 2279 re-

306 2308 497 2382 presserant,
519 2305 550 2356 et
573 2296 770 2375 epigramma,
799 2296 879 2375 qnod
899 2297 1072 2376 inscriptum
1093 2309 1139 2357 cst
1159 2300 1212 2376 iis,
1240 2300 1291 2377 qui
1310 2301 1411 2379 pulsos
1432 2299 1512 2357 eires
1532 2299 1564 2356 in
1585 2299 1711 2377 patriam
1732 2300 1942 2377 restituerunt,
1971 2300 2146 2378 laudantur,
2175 2320 2251 2379 qnae
2271 2302 2345 2365 Me.

307 2384 432 2448 lanthon
455 2382 550 2444 latine
572 2381 711 2441 reddidit.
755 2381 837 2440 Haec
858 2382 1065 2460 interpretatio
1085 2383 1236 2443 invenitur
1791 2415 1793 2418 -

436 2505 464 2548 a.
496 2487 527 2544 in
548 2481 748 2543 Melanthonis
770 2482 850 2562 Opp.
872 2482 961 2544 Basil.
983 2482 1071 2549 Tom.
1084 2484 1122 2545 V.
1145 2503 1177 2563 p.
1192 2480 1287 2566 661,
1314 2486 1468 2566 inscriptas
1504 2486 1579 2565 „Ex
1600 2488 1732 2547 oratione
1754 2486 1905 2548 Aeschinis
1927 2483 2005 2551 κατὰ
2029 2486 2286 2572 Κτησιφῶντος”
2308 2496 2342 2551 et

478 2569 697 2649 „Epigramma
719 2584 758 2627 ex
780 2565 970 2644 Aeschine”,
991 2564 1104 2650 (verbis
1121 2571 1238 2650 graecis
1259 2572 1432 2652 praefixis);

432 2677 463 2735 b.
496 2674 527 2732 in
549 2659 697 2731 Vincentii
718 2670 773 2732 Ed.
795 2670 1047 2751 Epigrammatnm
1067 2672 1142 2733 Mel.
1164 2674 1218 2737 tol.
1238 2677 1263 2735 P
1283 2667 1440 2752 1⁶—2⁸;

434 2793 460 2836 e.
491 2774 523 2832 in
544 2772 632 2835 hnius
649 2773 741 2853 Gorp.
753 2772 887 2836 Ret'orm.
909 2775 976 2833 Vol.
990 2775 1028 2834 X.
1051 2795 1083 2854 p.
1099 2772 1175 2838 660.
1198 2797 1245 2838 nr.
1259 2773 1353 2854 365,
1381 2777 1434 2836 uhi
1454 2791 1551 2854 aeque
1571 2794 1607 2835 ae
1627 2773 1706 2856 apud
1720 2774 1907 2835 vincentiam
1928 2775 1970 2832 sic
1991 2775 2132 2854 inscripta
2154 2786 2218 2837 est:
2239 2775 2344 2857 „Epi-

476 2868 640 2937 grammata
660 2861 749 2918 trinm
772 2870 934 2920 statuarum
954 2860 994 2919 ad
1014 2861 1204 2937 Strymonem
1224 2864 1346 2924 dudum
1367 2863 1527 2942 positarum
1556 2863 1665 2922 civibus
1687 2861 1803 2934 Atticis,
1837 2860 1886 2937 qui
1907 2858 2010 2918 Medos
2032 2870 2264 2937 represserant,
2304 2879 2344 2921 cx

479 2943 631 3003 Aeschinis
653 2953 727 3004 orat.
749 2955 850 3004 contra
871 2945 1095 3022 Ctesiphontem
1103 2944 1122 2975 '’
1146 2959 1178 3007 et
1198 2949 1272 3025 „De
1300 2948 1390 3008 civica
1416 2964 1538 3025 corona,
1576 2965 1617 3007 ex
1639 2944 1782 3007 Aeschine
1791 2941 1810 2973 ’'
1838 2942 1935 3021 (apud
1956 2904 2111 3005 Vrffentm
2145 2946 2219 3022 „De
2250 2946 2345 3006 civica

479 3044 586 3085 corona
608 3028 713 3104 quibus
734 3027 798 3088 dati
818 3029 922 3100 solita,
953 3047 992 3089 ex
1014 3032 1120 3091 eodem
1141 3030 1346 3116 Aeschine”);

439 3127 470 3190 d.
500 3126 533 3185 in
554 3128 629 3189 Mel.
650 3129 897 3207 interpretatione
920 3130 1010 3192 huius
1033 3135 1171 3193 orationis
1191 3134 1359 3211 Aeschinis,
1387 3136 1418 3193 in
1439 3133 1524 3194 huius
1543 3137 1632 3215 Corp.
1654 3132 1787 3194 Reiorm.
1805 3130 1873 3192 Vol.
1884 3090 1980 3194 nvn.
2000 3152 2033 3211 p.
2045 3128 2121 3197 923·
2143 3127 2239 3212 025„
2270 3150 2347 3211 qna-

478 3221 603 3290 propter
622 3212 697 3272 haec
719 3214 924 3293 interpretatio
945 3216 977 3278 h.
992 3218 1014 3279 l.
1036 3219 1179 3280 omittitur
1202 3220 1290 3296 (coni.
1312 3221 1399 3281 huius
1420 3220 1510 3299 Corp.
1532 3222 1601 3283 Vol.
1614 3219 1722 3282 xvsst.
1742 3238 1772 3299 p.
1788 3215 1862 3281 121.
1884 3230 1954 3279 nota
1966 3216 2010 3296 **)
2026 3215 2051 3298 ).

362 3551 394 3619 8.
438 3547 782 3616 Rhadamantem-
803 3551 943 3618 talionis
964 3572 1013 3615 aar
1036 3556 1264 3618 Aristotelis
1286 3553 1483 3629 Ethiaorum
1503 3556 1634 3622 Nicom.
1657 3554 1745 3622 libro
1771 3556 1810 3621 V.
1839 3575 1916 3641 cap.
1938 3556 1970 3620 5.
1999 3558 2027 3634 §.
2048 3553 2081 3620 3.
2117 3554 2183 3619 Ed.
2207 3553 2291 3618 zen.

819 3674 892 3742 Eiirr
913 3673 1013 3742 πάθοι
1034 3671 1075 3738 τά
1095 3673 1128 3740 κ’
1151 3674 1249 3764 ipris,
1279 3677 1350 3759 δίκη
1372 3673 1406 3740 κ’
1430 3677 1516 3741 ἰθεῖα
1536 3675 1667 3759 γένοιτο.

395 3783 490 3843 Huius
511 3783 568 3841 loci
588 3783 793 3862 interpretatio
816 3791 913 3842 exstat
1169 3783 1174 3792 '

438 3900 466 3942 a.
496 3875 1278 4024 tinpirp’centiiEd.Epigramm.1t1‚el.iol.h1ii¹’,
1312 3884 1466 3963 inscripta:
1499 3882 1725 3961 „Rhadamanti
1752 3883 1817 3944 Lex
1843 3881 1973 3942 Talionis
2003 3898 2042 3940 ex
2063 3879 2102 3940 V.
2130 3871 2254 3959 ἠθικῶν
2275 3875 2344 3937 Ari-

480 3976 556 4025 sote
569 3986 594 4026 11
628 3991 638 4041 3

438 4072 466 4128 b.
501 4069 532 4127 in
552 4068 637 4132 huius
659 4071 748 4152 Corp.
770 4071 905 4135 Reform.
928 4072 993 4133 Vol.
1008 4072 1046 4135 X.
1068 4093 1099 4152 p.
1112 4067 1188 4133 551.
1210 4066 1367 4149 nr.140.,
1395 4071 1500 4132 iisdem
1522 4075 1619 4135 verbis
1642 4072 1791 4150 inscripta.

826 4190 923 4264 Iusta
946 4191 1052 4264 malis
1071 4187 1161 4262 haec
1183 4190 1339 4262 admisso
1364 4215 1433 4283 pro
1456 4191 1605 4261 crimine
1628 4213 1746 4282 poena
1771 4202 1840 4260 est:

824 4295 882 4381 si,
908 4320 998 4391 quae
1020 4296 1200 4379 iecerunt,
1224 4295 1348 4364 eadem
1373 4292 1558 4386 patiantur
1582 4305 1616 4363 et
1642 4292 1723 4384 ipsi.

994 4662 1028 4728 3.
1071 4662 1302 4746 Epigramma
1330 4683 1379 4725 aa·
1408 4662 1606 4726 Athenaeo
1621 4658 1663 4740 *).

398 4780 492 4840 Huius
517 4780 732 4860 epigrammatis
753 4784 959 4864 interpretatio
979 4784 1053 4848 Mel.
1081 4786 1240 4865 inseriptac
1265 4788 1383 4869 „Apud
1404 4785 1590 4849 Athenaeum
1611 4778 1708 4866 γλαὺξ
1738 4776 1770 4843 ἓν
1801 4771 1903 4864 τάφῳ.
1946 4775 1993 4834 De
2014 4772 2162 4852 Sophocle
2189 4785 2263 4830 sene
2292 4767 2370 4865 ira-b

312 4864 407 4928 bente
428 4864 598 4927 retnlam.'’.
624 4869 733 4948 legitur

438 4990 466 5035 a.
497 4972 529 5031 in
546 4970 698 5035 Grathnsii
715 4975 832 5036 collect.
851 4922 1032 5054 epigramm.
1053 4973 1128 5036 Mel·
1149 4974 1204 5038 sol·
1226 4976 1259 5036 Μ
1274 4970 1439 5051 71-8“1

440 5075 471 5136 h.
504 5076 535 5135 in
556 5076 706 5139 vincentii
726 5076 784 5142 Ed.
805 5095 907 5137 eorum
928 5075 981 5138 iol.
1002 5077 1034 5137 M
1047 5068 1111 5150 2⁸5

312 5215 437 5229 .......-
452 5220 468 5225 ..

347 5290 381 5355 *J
397 5295 557 5349 Athenaeus
575 5296 622 5348 lto.
638 5295 711 5346 xlll.
730 5305 789 5360 esp.
801 5293 876 5349 LXI.
893 5292 924 5345 in
941 5294 996 5346 tine
1014 5294 1080 5363 (led.
1098 5294 1356 5364 schweighnshscri
1381 5298 1457 5352 nom.
1469 5297 1505 5351 V.
1521 5313 1548 5364 p.
1566 5296 1642 5359 111.)
1659 5295 1729 5347 hasa
1745 5289 1842 5344 nster:
1863 5281 1926 5345 fors
1944 5278 1974 5338 δὲ
1989 5278 2097 5352 γηραιῷ
2113 5273 2175 5331 ὄντι
2190 5274 2231 5346 τῷ
2247 5277 2351 5342 Σοφο-

381 5364 443 5417 κλεῖ
457 5364 545 5429 συνῆν
561 5360 577 5428 ἦ
592 5359 742 5430 Ἀρχίππη,
766 5359 781 5413 ὅ
799 5358 932 5430 71061101
949 5356 1031 5428 aaa
1048 5362 1165 5435 ἔοαπὴε
1182 5367 1348 5438 Σμικρίνης,
1370 5360 1551 5439 ἐρωτώμενος
1566 5361 1624 5421 iad
1642 5378 1714 5422 τινος
1736 5360 1767 5414 si
1786 5351 1904 5427 aprime
1917 5350 2071 5439 mima,
2101 5344 2254 5420 χαριέντως
2275 5341 2351 5413 ἔφη·

382 5428 510 5500 »Ὧςπερ
527 5431 559 5482 a!
573 5430 707 5500 γλαῦκες,
728 5429 776 5486 ἐπὶ
792 5426 892 5502 τάφων
908 5425 1033 5499 κάθηται.

200 5068 225 5101 ὓ
