4784 6256
179 298 258 377 687

183 487 349 568 pertum,
373 467 436 538 ubi
454 462 614 536 carmina
637 458 821 529 incondita
844 461 984 552 saepius
1008 461 1174 528 decanta-

183 581 284 646 bant.
358 571 422 641 Est
447 582 566 639 autem
593 565 744 657 duplex,
786 563 924 634 versilis
956 575 991 631 et
1023 562 1175 633 ductilis.

184 677 333 749 Versilis
348 696 451 743 scena
469 683 539 752 est,
566 693 656 762 quae
673 666 789 736 subito
807 677 883 735 tota
899 660 1075 733 machinis
1098 664 1176 757 qui·

51 852 57 861 ,
156 773 160 779 ’
185 784 336 852 busdam
353 772 648 862 convertebatur,
676 783 716 838 et·
736 769 840 836 aliam
865 769 1026 858 picturae
1048 768 1175 835 [aciem

186 879 406 954 ostendebat.
472 872 625 941 Ductilis
652 896 738 939 vero
765 871 886 939 tractis
918 869 1086 939 tabulatis
1110 863 1177 936 hac

188 998 296 1074 atque
313 979 395 1045 illac
412 974 565 1065 speciem
583 973 743 1063 picturae
767 974 928 1042 nudabat
953 971 1176 1040 interiorem.

186 1082 396 1156 Notandum
413 1089 448 1145 et
461 1072 543 1160 hoc,
571 1077 669 1167 quod
684 1076 722 1142 iu
736 1098 840 1145 scena
856 1087 960 1143 erant
975 1086 1177 1164 paegmata,

183 1186 486 1279 peripetasmata,
520 1177 666 1261 aulaea,
697 1177 935 1267 pantomimi,
970 1199 1177 1266 praecones,

187 1286 370 1363 tibicines,
397 1275 614 1360 citharoedi,
640 1278 859 1359 cornicines,
887 1274 1095 1363 choraules,
1119 1303 1177 1346 or·

188 1387 349 1483 ganarii,
378 1376 646 1475 symphoniaci,
681 1381 864 1469 tragoedi,
906 1380 1177 1465 comoedias-fu·

189 1488 370 1568 nambuli,
396 1481 559 1575 podarii,
586 1494 620 1549 et
636 1481 782 1553 similes.

405 1654 467 1723 De
494 1653 728 1724 divisione
763 1663 957 1722 actuum.

295 1792 490 1863 Comoedia
506 1803 607 1860 vetus
624 1789 798 1880 paulatim
817 1813 860 1857 ex
881 1812 1033 1859 numero
1057 1811 1178 1879 perso-

192 1922 321 1969 narum
340 1908 443 1965 aucta
456 1894 494 1961 in
510 1892 669 1986 quinque
683 1904 801 1975 actus,
828 1915 943 1984 neque
958 1891 1090 1982 plures,
1117 1916 1178 1959 ne-

193 2025 263 2095 que
281 1999 466 2090 pauciores
479 1995 662 2087 processit.
715 1994 784 2065 Sed
801 1993 974 2085 paulatim
993 1989 1177 2063 attenuato

191 2101 324 2184 choro,
349 2101 399 2169 ita
416 2099 461 2166 ad
476 2122 608 2167 novam
627 2096 810 2187 pervenit,
834 2108 961 2165 utnon
977 2098 1086 2164 modo
1103 2120 1178 2166 non

193 2207 238 2276 sit
254 2200 395 2283 chorus,
422 2201 524 2295 sed⁴)
540 2225 584 2268 ne
597 2201 697 2269 locus
714 2201 857 2292 quidem
875 2199 927 2266 illi
943 2198 1178 2292 relinquatur.

81 2304 86 2313 ’
194 2309 426 2398 Quapropter
441 2315 538 2371 actus
554 2300 633 2396 (qui
648 2302 685 2369 in
709 2302 893 2370 comoedia
916 2302 1016 2396 sunt)
1038 2301 1178 2369 dilticile

88 2477 90 2482 .
195 2422 247 2478 est
263 2431 367 2477 nosse
390 2406 428 2473 in
446 2402 584 2474 Latinis
608 2405 756 2487 fabulis,
789 2404 929 2473 sublato
951 2400 1082 2486 choro,
1117 2403 1179 2497 qui

155 2562 161 2572 -
194 2536 231 2582 se
246 2509 508 2601 interponendo
526 2519 625 2575 actus
639 2507 889 2597 distinguebat.
948 2505 1036 2574 Erat
1060 2519 1177 2575 autem

193 2610 325 2683 chorus
342 2636 384 2680 ex
400 2609 562 2702 pluribus
578 2611 623 2676 ad
644 2609 767 2678 tibiam
790 2608 1058 2678 concinentibus
1082 2634 1179 2678 com·

191 2717 350 2808 positus,
376 2737 450 2781 uon
474 2725 574 2780 actor
590 2711 738 2781 alicuius
752 2713 865 2803 partis
888 2712 926 2779 in
950 2712 1091 2795 fabula,
1117 2713 1179 2781 sed

194 2820 291 2887 velut
307 2819 413 2887 iudex
434 2838 649 2911 censorque,
682 2815 763 2909 qui,
794 2815 884 2884 sicut
909 2827 1003 2883 recte
1028 2817 1120 2883 facta
1144 2828 1179 2884 et

192 2917 342 2990 honesta
358 2920 508 3011 probat,
533 2917 603 2999 ita,
627 2941 719 3010 quae
735 2917 862 2987 vitiosa
877 2929 912 2986 et
926 2918 1069 2987 scelesta
1085 2930 1178 3000 sunt,

193 3024 385 3114 reprobat,
417 3022 466 3089 ita
484 3032 625 3100 tamen,
661 3033 702 3089 ut
722 3032 820 3089 actus
842 3044 918 3088 non
942 3021 1179 3111 interrumpe-

193 3138 270 3205 ret,
306 3125 365 3191 sed
392 3146 455 3212 per
480 3120 667 3188 intervalla
693 3122 877 3190 finitorum
900 3135 1043 3191 actuum
1069 3147 1177 3213 suum

197 3235 342 3292 cantum
360 3223 617 3311 interponeret.

376 3388 439 3459 De
466 3388 698 3458 divisione
726 3388 1001 3461 comoediae.

301 3522 340 3594 ln
371 3524 530 3621 quinque
551 3536 669 3616 partes
696 3522 868 3593 dividitur
901 3526 1102 3596 comoedia:
1144 3531 1179 3598 in

195 3643 466 3723 argumentum,
493 3629 703 3721 prologum,
730 3623 940 3718 prothesim,
967 3630 1127 3721 epitasim
1147 3646 1182 3701 et

196 3731 460 3825 catastrophen.
527 3736 789 3822 Argumentum
814 3744 866 3800 est
887 3732 996 3802 totius
1023 3737 1180 3824 agendae

194 3838 336 3906 tabulae
353 3833 536 3914 narratio,
569 3857 660 3924 quae
676 3834 756 3899 licta
775 3846 845 3914 est,
877 3838 936 3903 sed
959 3848 1080 3905 tamen
1105 3839 1180 3907 lieri

195 3938 325 4027 potuit.
384 3934 561 4019 Prologus
578 3931 752 4020 praelatio
771 3937 946 4024 quaedam
964 3950 1015 4006 est
1029 3941 1181 4026 fabulae,

195 4039 235 4104 in
252 4059 324 4128 quo
339 4033 417 4103 solo
434 4033 515 4098 licet
534 4044 682 4121 propter
703 4048 953 4122 argumentum
976 4040 1112 4132 aliquid
1136 4047 1179 4113 ad

194 4136 390 4230 populum,
416 4132 473 4200 vel
488 4157 528 4201 ex
543 4144 688 4225 poetae,
714 4135 770 4202 vel
786 4160 828 4204 ex
846 4140 975 4208 actoris
991 4149 1180 4216 commodo

195 4239 308 4335 loqui.
361 4235 624 4306 Differtautem
640 4237 845 4331 prologusa
862 4242 1039 4333 prologio.
1088 4247 1180 4318 Nam

195 4343 367 4436 prologus
396 4352 467 4423 est,
507 4340 570 4409 ubi
598 4352 702 4431 poeta
728 4356 932 4429 excusatur,
973 4359 1035 4417 aut
1061 4350 1179 4421 sabula

195 4444 487 4521 commendatur;
506 4443 709 4534 prologium
728 4468 834 4528 vero,
861 4472 941 4518 cum
965 4461 1104 4522 tantum
1125 4479 1181 4523 ar-

195 4558 404 4639 gumentum
423 4545 662 4636 describitur.
736 4545 919 4621 Protbesis
954 4566 1006 4621 est
1042 4556 1179 4645 primus

154 4725 157 4733 ,
195 4661 292 4718 actus
321 4649 486 4730 fabulae,
526 4672 597 4742 quo
625 4672 708 4740 pars
740 4654 941 4742 argumenti
974 4657 1179 4746 explicatur,

194 4774 278 4842 pars
293 4751 462 4819 reticetur
477 4750 522 4818 ad
540 4751 664 4842 populi
678 4755 958 4844 expectationem
976 4764 1178 4834 tenendam.

193 4851 349 4945 Epitasis
366 4855 623 4923 incrementum
640 4878 895 4951 processusque
911 4862 1096 4931 turbarum
1116 4877 1178 4948 est,

195 4979 236 5024 ac
266 4956 375 5025 totius
400 4958 528 5026 modus
549 4958 692 5027 erroris.
761 4958 995 5054 Catastrophe
1020 4979 1072 5035 est
1095 4991 1179 5036 con-

194 5057 311 5127 versio
327 5082 447 5127 rerum
464 5060 509 5127 ad
527 5060 700 5129 iucundos
725 5062 856 5146 exitus,
892 5067 1066 5155 patefacta
1094 5094 1178 5140 cun-

193 5160 258 5229 ctis
280 5160 483 5250 cognitione
508 5174 700 5252 gestorum.
759 5162 805 5233 Et
827 5160 915 5235 baec
938 5169 1022 5238 satis
1050 5173 1093 5239 de
1121 5198 1178 5242 co·

191 5264 346 5335 moedia.
399 5263 503 5335 Nunc
521 5266 564 5332 de
579 5276 694 5332 metro
710 5265 862 5337 iambico
880 5294 945 5361 pro
963 5284 1136 5366 tempore.

193 5419 398 5434 ξω..-

227 5494 259 5550 4)
278 5490 340 5560 sed]
359 5496 409 5546 ltu.
428 5497 502 5550 tm.
522 5499 619 5551 mento
638 5502 768 5568 syringa:
796 5516 836 5556 se.

759 286 880 359 PlllL.
914 287 1025 359 MEL.
1059 286 1261 359 scalpra
1294 278 1630 394 PHILOLOGICA.

1486 453 1546 522 De
1573 466 1721 522 metro
1749 451 1961 522 iambico.
2047 485 2052 499 ¹

1330 588 1504 661 lambicos
1522 601 1557 658 et
1572 585 1737 658 heroicos
1759 600 1882 679 poetas
1907 587 2031 658 scribit
2045 587 2224 665 Aristote-

1228 695 1278 762 les
1293 693 1455 763 omnium
1470 692 1576 763 luisse
1593 690 1873 785 antiquissimos,
1895 715 2118 787 carmenque
2135 695 2224 768 iam·
2251 682 2254 687 ¹

1228 797 1346 865 hicum
1364 795 1522 888 primum
1542 784 1791 863 tetrametrum*
1808 793 1934 878 luisse,
1969 806 2006 862 et
2021 795 2114 866 illud
2127 814 2224 895 saty-

1228 899 1322 967 ricae
1350 912 1385 967 et
1409 897 1589 968 saltationi
1620 897 1733 986 magis
1769 899 2078 968 accommodatam
2103 903 2224 994 expri-

1228 1025 1326 1070 mere
1349 1000 1498 1092 poesim.
1558 1000 1667 1092 Quod
1693 1011 1812 1068 autem
1835 998 2030 1069 iambicum
2052 1018 2134 1072 ante
2158 1001 2223 1075 he-

1228 1105 1366 1173 roicum
1383 1103 1510 1185 fuerit,
1535 1103 1591 1171 vel
1606 1127 1649 1170 ex
1664 1125 1705 1170 eo
1721 1100 1845 1192 nobis,
1871 1101 2220 1199 iuquitAristoteles,

1229 1207 1311 1275 licet
1332 1206 1485 1288 intueri,
1517 1204 1614 1298 quod
1638 1201 1974 1296 interloquendum
1998 1207 2105 1297 plura
2133 1211 2222 1279 iam-

1227 1308 1306 1377 bica
1325 1309 1428 1378 nobis
1446 1320 1572 1398 sponte
1590 1331 1665 1376 sese
1680 1306 1855 1389 offerunt,
1882 1319 1919 1374 et
1931 1298 2222 1405 peutiqfflac·

1230 1411 1356 1480 cersita
1400 1422 1630 1488 succurrunt;
1675 1404 1818 1477 heroica
1850 1432 1937 1477 vero
1971 1437 2082 1504 quam
2099 1394 2222 1511 Ἧὲίες

1229 1513 1338 1597 sime,
1379 1526 1415 1581 et
1438 1537 1478 1581 ea
1503 1514 1579 1604 ipsa
1605 1510 1826 1582 summissius
1849 1511 2024 1604 loquendi
2046 1519 2222 1587 excedunt

1229 1613 1470 1685 harmoniam.
1522 1614 1650 1705 Coepit
1668 1638 1688 1681 a
1709 1613 1935 1685 contumeliis
1960 1617 2107 1709 quidem
2130 1620 2222 1688 iam-

1229 1719 1338 1801 bum,
1372 1720 1468 1788 unde
1493 1729 1528 1785 et
1551 1741 1685 1786 nomen
1716 1715 1875 1787 creditur
1904 1712 2081 1809 babuisse.
2149 1722 2222 1792 Sed

1229 1817 1515 1913 Polystephanus
1530 1843 1664 1889 nomeu
1679 1819 1819 1890 duxisse
1835 1819 2010 1889 existimat
2032 1822 2221 1917 ab'lambe

1231 1922 1554 2006 ancillaMetaeira,
1581 1921 1836 2013 Hippotoontis
1852 1947 1970 2004 uxore,
1998 1947 2104 2015 quae,
2129 1950 2216 1995 cum

1231 2025 1375 2095 vidisset
1404 2025 1615 2117 popularem
1646 2028 1845 2119 quandam,
1884 2023 1969 2092 alias
1999 2025 2216 2112 iocularem,

1230 2136 1404 2198 moestam
1422 2128 1628 2212 mulierem,
1654 2128 1826 2198 ioculares
1840 2128 2012 2220 quosdam
2029 2140 2067 2196 et
2077 2129 2220 2200 ridicu-

1229 2232 1283 2300 los
1302 2233 1345 2298 de
1360 2231 1436 2320 ipsa
1460 2230 1661 2323 composuit
1682 2255 1824 2312 versus,
1858 2252 1877 2296 a
1904 2253 1976 2323 qua
2000 2229 2124 2326 inquit
2140 2257 2220 2302 car-

1230 2357 1313 2401 men
1336 2331 1544 2403 lambicum.
1617 2332 1773 2425 Quidam
1805 2332 1894 2402 illud
1926 2333 1970 2401 ab
2001 2329 2219 2405 Archilocho

1231 2435 1404 2526 originem
1429 2431 1593 2505 habuisse
1615 2438 1752 2516 lerunt;
1790 2435 1999 2506 Aristoteles
2020 2449 2143 2507 tamen
2166 2462 2220 2507 ar·

1229 2539 1384 2608 bitratur
1412 2538 1618 2621 inventum,
1658 2542 1757 2632 quod
1777 2539 1858 2628 plus
1881 2538 2029 2609 caeteris
2057 2540 2219 2634 pedibus,

1232 2642 1398 2711 omnibus
1414 2652 1587 2733 congruat
1602 2642 1840 2711 sermonibus.

1554 2843 1616 2914 De
1643 2845 1893 2915 divisione.

1332 2982 1448 3051 Metra
1483 2981 1634 3081 iambica
1658 2995 1717 3052 aut
1740 2995 1822 3050 sunt
1855 2992 2103 3062 monomctra,
2149 2978 2224 3053 hoe

1232 3096 1310 3167 est,
1346 3109 1436 3178 quae
1466 3097 1630 3153 constant
1652 3108 1691 3153 ex
1712 3085 1849 3154 duobus
1871 3083 2020 3177 pedibus
2043 3082 2222 3175 simplici-

1230 3188 1314 3266 bus;
1349 3188 1404 3256 vel
1420 3187 1570 3255 dimetra
1587 3212 1629 3256 ex
1645 3200 1814 3280 quatuor,
1837 3189 1894 3259 vel
1911 3187 2077 3256 trimetra
2088 3241 2105 3272 ,,
2127 3213 2219 3280 quae

1231 3289 1324 3359 senis
1338 3290 1599 3361 concluduntur
1615 3290 1783 3382 pedibus;
1811 3295 1900 3382 [nam
1924 3290 2083 3360 brevitas
2105 3289 2219 3360 iambi

1232 3393 1366 3477 effecit,
1392 3404 1432 3463 ut
1449 3395 1520 3463 duo
1539 3395 1646 3485 pedes
1662 3419 1728 3484 pro
1747 3419 1820 3464 uno
1836 3390 2053 3473 habeantur;
2086 3392 2145 3461 vel
2167 3405 2217 3461 te·

1232 3505 1402 3564 trametra
1419 3520 1462 3565 ex
1484 3508 1583 3575 oct0;
1617 3509 1840 3587 pentametra
1866 3521 1909 3566 cx
1931 3498 2072 3575 decem;
2104 3490 2216 3564 hexa-

1232 3610 1344 3666 metra
1363 3598 1493 3668 elel.
1545 3599 1614 3669 Sed
1631 3612 1905 3691 pentametraet
1928 3596 2130 3668 hexametta
2155 3619 2216 3665 ra·
2251 3660 2255 3669 .

1232 3701 1369 3771 rissime
1386 3701 1631 3773 inveniuntur.
1681 3701 1793 3793 Igitur
1808 3703 1979 3773 trimetris
1995 3714 2031 3770 et
2050 3711 2217 3769 tetrame-

1232 3803 1295 3874 tris
1322 3805 1525 3898 frequenter
1550 3817 1700 3875 utuntur
1722 3806 1860 3879 comici.
1924 3805 2063 3875 Rursus
2083 3815 2217 3873 metro·

1232 3930 1313 3977 rum
1345 3907 1442 3976 aliud
1476 3921 1528 3978 est
1555 3909 1843 3993 acatalecticum,
1877 3910 2007 3990 idest,
2044 3905 2102 3976 cui
2129 3901 2217 3974 nibil

1233 4013 1348 4088 deest;
1391 4010 1488 4079 aliud
1513 4011 1774 4095 catalecticum,
1818 4007 1885 4079 hoc
1909 4023 1978 4093 est,
2020 4009 2081 4079 cui
2104 4009 2217 4083 deest;

1233 4113 1329 4182 aliud
1344 4109 1738 4205 brachycatalecticum‚
1767 4114 1828 4184 ubi
1843 4113 1976 4206 syllaba
1994 4112 2053 4178 vel
2077 4123 2215 4202 tempus

1232 4218 1346 4295 deest;
1374 4210 1730 4308 hypercatalecticum
1752 4241 1857 4299 vero,
1891 4214 1953 4285 ubi
1973 4221 2142 4304 superest
2165 4211 2214 4279 vel

1232 4319 1366 4412 syllaba
1384 4319 1440 4387 vel
1457 4345 1517 4411 pes
1533 4320 1720 4402 dimidius,
1753 4334 1861 4414 atque
1886 4313 1942 4388 bis
1964 4315 2137 4388 omnibus
2161 4338 2214 4406 ge·

1232 4421 1376 4492 neribus
1391 4423 1519 4491 comici
1533 4435 1694 4495 utuntur.

1383 4625 1445 4695 De
1471 4628 1665 4718 pedibus
1692 4624 1879 4695 iambici
1905 4623 2055 4699 metri.

1332 4761 1462 4831 Scribit
1490 4758 1732 4855 Hephaestion
1762 4758 1954 4830 iambicum
1985 4770 2148 4829 metrum
2182 4754 2213 4823 in

1229 4863 1375 4956 regione
1392 4866 1543 4957 impari,
1571 4862 1731 4948 horest,
1758 4863 1897 4957 prima,
1922 4861 2053 4945 tertia,
2081 4861 2215 4957 quinta,

1230 4978 1304 5052 aut,
1330 4968 1360 5038 si
1377 4967 1518 5060 longius
1531 4970 1764 5061 producatur,
1789 4965 1952 5059 septima,
1968 4988 2071 5033 nona
2089 4964 2215 5059 (quan-

1230 5069 1423 5164 doquidem
1447 5072 1541 5162 apud
1565 5071 1720 5141 comicos
1740 5069 1922 5138 invenitur
1945 5069 1992 5137 ad
2012 5069 2141 5138 decem
2164 5088 2215 5136 os·

1230 5197 1299 5268 que
1316 5177 1423 5264 pedes
1445 5171 1650 5271 pervenire)
1672 5174 1830 5243 iambum
1852 5170 2051 5264 suscipere,
2096 5183 2135 5240 et
2160 5189 2214 5262 per

1229 5277 1484 5346 resolutionem
1503 5276 1631 5368 longae
1655 5277 1811 5369 syllabae
1834 5274 1945 5343 iambi
1971 5274 2011 5342 in
2034 5275 2131 5345 duas
2146 5275 2215 5343 bre·

1230 5402 1311 5462 ves,
1336 5379 1467 5451 ibidem
1485 5377 1724 5460 tribrachum
1758 5378 1948 5449 admittere
1973 5377 2091 5448 etiam
2115 5399 2213 5471 spou-

1230 5482 1336 5552 deum
1364 5485 1408 5552 ad
1431 5484 1643 5552 tardandam
1674 5481 1783 5551 iambi
1815 5481 2056 5566 celeritatem,
2102 5494 2140 5552 et
2160 5497 2213 5572 pet
