4784 6256
292 285 373 373 m
423 278 428 285 ,

881 203 1004 352 l’llIL.
1028 276 1141 351 MEL.
1173 275 1377 350 SCRIPTA
1402 274 1740 353 prunonoulcl.

297 463 392 537 filius
409 483 464 538 es,
488 450 585 526 hunc
599 477 684 525 vero
699 451 891 547 Tyndarus
914 450 1084 532 marinis,
1119 451 1287 520 accedens
1338 448 1616 532 busmemhris,
1657 463 1694 521 et
1724 452 1870 521 tandem
1903 454 2101 552 terram¹)
2131 458 2339 538 subiturum

300 566 348 635 ad
361 572 513 632 matrem
534 572 654 639 tuam,
686 556 835 624 mortale
858 577 979 624 semen
1002 552 1160 624 stillavit.
1217 551 1286 621 Sed

1339 574 1425 622 esse.
1482 550 1577 643 (sir.
1595 551 1649 647 2.)
1674 552 1746 625 Sed
1770 556 1973 626 celebratio
1987 558 2171 631 bonorum
2194 590 2335 640 sermo-

181 700 185 707 *
238 740 240 745 ,
300 679 422 737 tamen
436 657 528 730 hauc
545 658 753 729 electionem
771 657 836 727 tibi
849 656 988 739 tribuo,
1020 655 1050 726 si
1065 654 1143 726 sine
1158 667 1288 737 morte,
1338 654 1444 723 nibus
1465 654 1655 740 convenit,
1693 670 1730 727 et
1760 658 1923 730 dulcibus
1947 661 2167 738 carminibus
2193 671 2336 743 varim

164 784 168 793 '
292 763 542 843 ‘stnsmolests
559 773 700 832 senecta
726 761 837 832 visin
858 760 957 829 coelo
978 780 1079 840 esse,
1110 781 1190 826 cum
1204 756 1287 826 Pal-

1339 779 1479 826 canere.
1529 754 1578 826 Et
1593 783 1636 828 ex
1649 758 1776 830 vicinis
1802 761 1975 833 victoriae
1999 766 2156 838 sedecim
2180 795 2335 845 corona·

298 871 380 941 lade
398 878 432 935 et
448 863 584 947 Marte,
611 859 761 959 (Epo.)
782 862 854 932 frui
870 858 1047 930 hocbono
1063 872 1176 951 potes.
1215 858 1286 929 Sed
1338 870 1424 928 runt
1438 858 1708 951 Aristagoram,
1733 875 1769 931 et
1783 863 1943 934 nobilem
1967 869 2144 958 patriam,
2175 874 2214 942 in
2236 876 2336 949 lucta

298 973 330 1042 si
345 993 413 1061 pro
429 968 537 1035 fratre
561 965 614 1036 vis
636 966 826 1056 proeliari,
861 977 896 1033 et
920 964 1075 1033 tribuere
1098 961 1131 1030 ei
1155 985 1287 1056 aequa·

1338 972 1374 1030 et
1390 962 1588 1052 pancratio.
1641 961 1742 1056 (Ast.
1757 964 1811 1060 2.)
1834 967 1923 1058 Spes
1940 985 2132 1061 parentum
2149 979 2334 1069 segniores

297 1072 369 1142 lem
392 1068 596 1161 portionem
619 1067 799 1152 omnium,
836 1091 901 1158 per
924 1067 1017 1136 vices
1038 1065 1125 1138 alins
1149 1064 1286 1156 spicato
1337 1063 1504 1133 iuvenem
1533 1065 1775 1158 impedierunt
1803 1070 1958 1162 experiri
1984 1078 2177 1148 certamina
2200 1080 2240 1150 in
2261 1083 2334 1175 Py-

298 1174 504 1254 subterra,
545 1171 631 1243 stirs
654 1169 693 1237 in
719 1171 836 1240 aureis
859 1170 949 1239 coeli
971 1168 1124 1239 sedibus.
1190 1165 1288 1235 llaec

297 1298 380 1345 cum
402 1272 545 1343 dixisset
561 1270 715 1363 Iupiter,
748 1296 825 1341 non
849 1270 1027 1341 dubitavit
1047 1269 1193 1349 Pullum
1226 1271 1287 1341 sed

297 1400 384 1448 mox
401 1374 543 1466 aperuit
557 1374 701 1445 oculum
716 1374 848 1466 galeati
870 1374 1012 1457 fratris,
1045 1384 1082 1443 et
1104 1396 1230 1441 vocem
1254 1372 1287 1443 ei

301 1478 469 1549 reddidit.

575 1718 579 1725 ·
695 1694 787 1781 (lde
813 1696 889 1783 xt

290 1829 294 1853 ⁵
361 1855 656 1939 Aristaporae
684 1851 850 1934 Tenedio,
878 1845 952 1936 lilio
977 1841 1227 1938 neocastren).

404 2003 496 2098 (Str.
512 2002 565 2099 1.)
592 2000 627 2071 Ο
642 2000 769 2085 Vesta,
796 2001 867 2071 lilia
884 1997 1028 2085 Rheae,
1057 1997 1152 2069 lovis
1174 2010 1210 2067 et
1232 1994 1288 2065 lu-

231 2147 234 2155 ·
297 2107 406 2180 nonis
419 2129 542 2187 soror,
568 2128 660 2198 quae
676 2104 812 2173 curiam
830 2104 1003 2186 custodis,
1037 2100 1190 2192 excipito
1207 2099 1288 2168 sri-

298 2222 481 2302 stagoram
505 2208 544 2275 in
566 2201 764 2276 thalamum
787 2220 908 2291 tuum,
951 2218 985 2275 et
1017 2205 1093 2276 eius
1123 2204 1288 2293 collegas,

301 2313 365 2408 qui
385 2335 498 2404 prope
520 2321 604 2379 sunt
619 2333 699 2378 cum
724 2322 885 2400 sceptro,
925 2307 987 2403 qui
1010 2320 1044 2377 te
1070 2303 1288 2376 honorantes

300 2415 508 2486 custodiunt
518 2411 726 2493 Tenedum,
753 2411 851 2507 (Ani.
873 2409 923 2504 1.)
936 2435 1041 2502 saepe
1057 2409 1287 2478 libationibus

299 2518 456 2588 etlumis
478 2528 512 2583 te
536 2514 689 2605 primam
706 2513 864 2583 Deorum
883 2527 1113 2595 venerantes,
1136 2523 1287 2582 sonante

300 2614 436 2689 eithara
446 2631 490 2686 ‘et
504 2628 611 2685 cantu
626 2618 663 2684 in
678 2616 851 2687 sacrificio
866 2613 960 2687 lovis
974 2611 1172 2707 hospitalis.
1216 2613 1287 2695 Tu,

253 2710 258 2723 ⁸
299 2720 470 2815 inquam,
495 2717 601 2788 Vesta
618 2718 746 2787 ellicito
765 2719 815 2790 eis
830 2719 1077 2807 magistratum
1103 2717 1190 2785 anni
1212 2715 1287 2806 glo·

297 2823 456 2906 riosum,
488 2834 524 2890 et
544 2820 621 2891 sine
647 2822 783 2892 dolore.
845 2820 925 2915 (Βρ.
945 2821 996 2917 1.)
1017 2821 1170 2890 Beatum
1194 2821 1286 2888 duco

298 2940 437 3017 patrem
452 2923 667 3007 Arcesilam,
694 2936 729 2992 et
744 2923 942 3014 speciosum
960 2948 1107 3016 corpus,
1134 2936 1170 2992 et
1182 2923 1287 2991 Atre·

298 3028 410 3097 miam
441 3039 646 3115 cognatum.
712 3025 750 3094 si
778 3026 858 3119 quis
886 3026 1029 3096 divitias
1056 3022 1211 3106 habens,
1252 3036 1287 3091 et

295 3129 413 3198 forma
430 3126 609 3194 antecellit
628 3125 727 3208 aliis,
755 3139 789 3195 et
812 3127 926 3196 victor
950 3141 1002 3197 est
1024 3128 1061 3195 in
1083 3125 1286 3196 certamini-

296 3231 380 3299 bus:
408 3229 437 3298 is
453 3226 676 3310 meminerit,
699 3251 737 3296 se
754 3227 1011 3298 circumdatum
1030 3253 1103 3299 esse
1124 3227 1285 3299 mortali-

299 3402 505 3419 ..ι--ι--σι-

258 3531 264 3544 ·
330 3520 381 3576 η)
398 3520 446 3571 sas
464 3522 531 3572 usse
549 3513 856 3589 assistentiam,
876 3523 950 3574 ¹⁶⁶³.
970 3522 1180 3586 isserninus
1200 3528 1282 3581 nun

368 3590 497 3644 Francos.
519 3590 612 3652 ¹542,
637 3593 721 3643 ussit.
743 3593 834 3652 tots„
860 3593 893 3640 ll.
911 3593 1004 3652 steps.
1027 3592 1100 3643 toas.
1118 3594 1221 3645 babent
1239 3599 1284 3646 ln·
1337 3636 1345 3651 .

365 3659 561 3722 scriptionem:
576 3653 756 3730 Ἀρισταγόρᾳ
766 3657 899 3726 πρυτάνει
912 3653 1029 3727 Τενεδίῳ
1036 3694 1045 3721 ,
1062 3659 1116 3729 υἱᾷ
1124 3657 1281 3732 Ἀρκεσίλα,

366 3740 480 3791 quacun
498 3730 627 3791 congruit
639 3732 756 3793 lleyrill:
783 3732 975 3795 Aristaoom
992 3731 1130 3797 Prvtpul,
1150 3736 1281 3798 remedio,

365 3795 613 3862 fflltodrcest1003
639 3797 874 3860 educassent,
898 3800 1000 3863 Bergk.
1024 3803 1130 3849 neten:
1154 3795 1281 3869 Ἅρισῐα·

362 3862 435 3932 γόρᾳ
453 3859 570 3934 Τενεδίῳ
588 3861 737 3931 aperires,
764 3868 957 3933 Aristeaoras
975 3869 1098 3921 ferrato
1115 3869 1245 3931 meat.

1338 1160 1449 1235 thone
1467 1179 1503 1235 et
1518 1166 1709 1262 Olympiis.
1760 1172 1832 1241 Per
1853 1199 1973 1245 meum
1996 1177 2261 1268 iuramentum,
2294 1199 2332 1256 et

1340 1294 1404 1360 per
1426 1293 1542 1338 meam
1567 1272 1774 1362 opinionem
1801 1275 1901 1361 dico,
1932 1280 2132 1352 rediturum
2155 1286 2263 1358 luisse
2287 1312 2330 1359 ex

1338 1368 1478 1465 Pythiis
1495 1385 1530 1440 et
1544 1372 1723 1468 Olympiis
1741 1374 1943 1469 pulchrius,
1970 1408 2078 1477 quam
2095 1386 2158 1455 alii
2178 1402 2329 1483 antago-

1338 1475 1453 1545 nistae
1467 1475 1672 1562 rediissent,
1701 1481 1783 1574 (ΕΡ.
1797 1482 1852 1577 2.)
1880 1497 1915 1553 et
1936 1486 2197 1561 celebraturum
2220 1493 2327 1565 fuisse

1340 1579 1607 1671 quinquennale
1628 1582 1757 1652 festum
1786 1585 1987 1657 institutum
2012 1589 2176 1677 Herculi,
2216 1596 2325 1687 ligata

1340 1704 1441 1750 coma
1472 1682 1660 1771 purpureis
1691 1686 1812 1758 ramis.
1880 1690 1948 1759 Sed
1976 1692 2065 1765 alios
2087 1690 2253 1768 homines
2274 1697 2328 1767 ia·

1338 1782 1470 1851 euntia
1489 1784 1606 1857 inanis
1621 1787 1740 1878 privat
1754 1791 1876 1862 bonis:
1911 1793 2000 1864 alios
2016 1797 2207 1869 frustratur
2225 1824 2327 1869 vere·

1338 1885 1490 1970 cundia,
1517 1887 1630 1958 diffisa
1647 1894 1803 1984 propriis
1817 1894 1974 1980 viribus,
2007 1922 2068 1969 ceu
2091 1923 2199 1970 manu
2221 1915 2324 1972 retro

1340 1984 1496 2062 trahens.
1548 1992 1642 2084 (Str.
1657 1995 1712 2090 d.)
1737 1997 1855 2067 Facile
1879 2012 1956 2069 erat
1975 1998 2165 2086 coniicere,
2199 2017 2324 2075 ortum

1340 2117 1421 2163 eum
1443 2117 1519 2164 esse
1543 2118 1585 2164 ex
1606 2096 1775 2168 Pisandri
1794 2102 1989 2192 sanguiue,
2024 2128 2065 2174 ex
2089 2105 2235 2198 Sparta3
2261 2104 2327 2202 (ab

1338 2195 1496 2289 Amyclis
1511 2198 1606 2291 enim
1620 2203 1799 2291 profectus
1823 2217 1875 2276 est
1895 2229 1975 2274 cum
1993 2206 2139 2294 Oreste,
2167 2204 2237 2281 huc
2258 2212 2327 2280 du·

1338 2322 1421 2368 cens
1453 2300 1657 2371 exercitum.
1674 2304 1879 2404 Aeolicum)
1909 2321 1944 2378 et
1977 2313 2132 2401 pendere
2159 2336 2270 2404 genus
2303 2338 2325 2383 a

1338 2400 1547 2494 Melanippo
1566 2419 1730 2476 materno
1749 2432 1837 2494 avo,
1863 2413 1909 2480 ad
1924 2408 2056 2483 Ismeni
2071 2415 2216 2488 fluenta.
2248 2419 2326 2487 An·

1339 2503 1459 2597 tiquae
1481 2507 1629 2578 virtutes
1650 2507 1751 2602 (dat.
1767 2514 1821 2611 8.)
1850 2530 2116 2608 propagantur,
2159 2522 2220 2591 sed
2243 2544 2327 2589 mu·

1339 2618 1454 2678 lantes
1471 2612 1584 2679 robur
1600 2637 1665 2703 per
1683 2617 1883 2689 intervalla.
1924 2619 2017 2689 Nam
2034 2646 2101 2691 nec
2114 2622 2216 2715 nigra
2234 2645 2324 2691 arva

1328 2709 1489 2799 ,gignunt
1506 2715 1677 2807 continpo
1695 2719 1832 2811 fruges,
1859 2744 1924 2790 nec
1937 2723 2083 2795 arbores
2098 2726 2244 2817 singulis
2260 2748 2327 2793 an-

1338 2814 1394 2882 nis
1408 2813 1534 2890 florem
1552 2842 1764 2908 generosum
1779 2823 1900 2893 lerunt
1912 2823 2045 2895 divitiis
2059 2827 2232 2910 similem,
2259 2830 2327 2898 sed

1337 2917 1531 3004 pervices:
1558 2921 1607 2991 sic
1621 2924 1693 2991 lata
1717 2937 1752 2993 et
1776 2920 1962 2994 hominum
1988 2927 2155 2998 virtutem
2177 2953 2242 3019 per
2268 2929 2338 2998 vi·.

1337 3042 1393 3088 ces
1410 3023 1596 3094 reducunt.
1649 3022 1728 3120 (up.
1745 3028 1798 3123 d.)
1824 3027 1897 3097 Nec
1913 3042 2058 3099 eventus
2079 3027 2199 3099 alove
2221 3030 2326 3098 ordi-

1337 3122 1413 3189 nati
1435 3126 1539 3197 nobis
1559 3130 1637 3197 noti
1653 3141 1760 3214 ‚sunt;
1801 3131 1863 3199 sed
1885 3141 2006 3199 tamen
2028 3134 2178 3224 superbe
2204 3133 2325 3202 multa

1337 3248 1466 3314 magna
1488 3252 1597 3320 opera
1623 3243 1810 3302 tentamus.
1879 3232 2042 3304 Membra
2067 3235 2164 3305 enim
2194 3247 2323 3305 nostra

1336 3326 1479 3419 alligata
1503 3347 1585 3402 sunt
1611 3334 1810 3427 impudenti
1833 3359 1915 3427 spe,
1955 3349 1991 3406 et
2012 3338 2239 3431 providentia
2265 3361 2323 3407 re-

1335 3443 1433 3500 mota
1452 3446 1515 3504 est.
1568 3436 1722 3529 Oportet
1743 3437 1853 3529 igitur
1867 3464 2073 3511 mensuram
2090 3439 2320 3532 negotiorum

1334 3535 1471 3607 venari.
1535 3539 1657 3610 Maior
1680 3541 1777 3614 enim
1801 3555 1854 3614 est
1876 3543 2034 3630 insania,
2069 3544 2319 3637 concupiscere

1334 3640 1583 3727 impossibilia.

1364 3874 1414 3932 28)
1433 3873 1547 3942 urrann]
1567 3877 1608 3927 sle
1626 3880 1676 3929 Ed.
1690 3881 1783 3944 1658.;
1809 3880 1856 3932 Ed.
1871 3881 1946 3934 1563.
1965 3885 2042 3933 terra
2061 3883 2103 3934 tn.
