4784 6256
172 296 248 366 333
743 278 866 355 ran.
897 277 1010 375 arn.
1039 236 1246 350 3333333
1276 267 1612 346 3333333333
1803 288 1806 305 ·
2126 282 2205 370 ³⁸8

275 458 337 529 Vs.
364 453 447 526 195.
500 458 566 525 Sia
601 448 774 547 armenta]
813 450 911 520 Sicut
942 444 1093 541 Pbrysia
1126 418 1162 516 31
1214 444 1298 519 Non
1314 441 1492 524 dubitate
1520 465 1608 534 qum
1624 466 1775 532 corpora
1795 449 2012 516 conveniant
2035 474 2116 519 cum
2142 478 2208 522 33.

174 555 644 631 Η311333113133133313333113
668 576 818 644 pascua,
853 565 888 620 31
910 575 983 620 333
1007 551 1159 619 multum
1210 546 1302 625 13333
1318 556 1518 626 terrarum
1546 544 1637 614 sicut
1661 567 1811 660 corpora
1840 548 1877 614 in
1894 547 2098 642 Thuringia
2123 570 2207 626 sunt

177 687 357 754 agrorum.
388 658 497 726 hxtra
509 653 747 746 Thuringram
765 650 873 722 habet
889 654 1040 722 multum
1060 675 1162 741 agro·
1215 645 1406 739 grandiora
1423 668 1530 737 quam
1549 642 1627 728 hic,
1660 646 1742 737 quia
1763 643 1820 717 1333
1836 664 1920 719 3331
1937 666 2081 737 133333
2110 657 2206 741 salsi,

176 789 256 834 rum
275 774 309 831 er
325 783 434 850 panca
454 769 570 848 prata,
1214 762 1249 818 et
1264 770 1379 814 333333
1369 741 1547 827 halitus,
1572 747 1662 816 sicut
1677 748 1782 815 etiam
1801 764 1895 819 terra
1913 769 1986 838 331,
2019 756 2100 825 ideo
2127 783 2206 828 cor-

279 861 339 930 Vs.
358 859 442 928 196.
481 864 622 929 11333133
646 853 754 953 culta]
782 851 933 925 Pulchra
953 853 1161 944 descriptio:
1214 873 1302 949 pora
1320 850 1609 929 3331333313313
1635 873 1755 919 macra
1774 855 1955 927 31133333

178 961 331 1053 capellae
353 960 501 1028 laedunt
525 961 672 1029 arbores
696 982 769 1027 non
794 969 934 1026 tantum
958 955 1162 1037 lacerando,
1216 982 1221 989 ·
1316 947 1377 1017 Vs.
1396 949 1483 1020 220.
1512 952 1647 1043 Scabie]
1674 951 1711 1018 id
1732 967 1801 1036 331,
1837 981 1963 1027 vomer
1985 985 2059 1031 uon
2083 964 2204 1035 statim

177 1067 238 1136 sed
256 1064 406 1132 urendo.
452 1061 546 1131 Nam
563 1063 709 1129 arbores
725 1071 823 1128 ustae
841 1053 955 1126 halitu
973 1080 1161 1148 caprarum
1216 1048 1380 1140 concipit
1388 1050 1602 1140 rubiginem.

176 1164 383 1242 moriuntur
401 1175 435 1230 et
451 1174 619 1277 pereunt,
644 1153 727 1254 quia
744 1183 871 1275 caprae
887 1170 1056 1248 perpetua
1072 1158 1163 1225 febri
1315 1149 1376 1221 Vs.
1392 1148 1479 1225 225.
1510 1147 1668 1249 Clanius]
1687 1153 1760 1246 Qui
1775 1181 1883 1248 saepe
1900 1166 2083 1237 exundans
2099 1182 2205 1239 nocet

177 1268 354 1334 laborant.
421 1261 504 1331 ldco
533 1263 639 1330 etiam
665 1261 842 1330 aluntur
832 1284 869 1326 33
897 1260 982 1328 13333
1005 1259 1163 1339 dumosis
1216 1251 1358 1321 acerris.

178 1363 503 1455 etcampestribus,
530 1363 782 1432 ubinonsunt
808 1362 924 1429 cultae
952 1361 1098 1430 arbores
1124 1374 1164 1429 ut
1316 1352 1377 1425 Vs.
1386 1354 1473 1428 226.
1500 1360 1604 1425 Nunc
1616 1382 1679 1449 quo
1692 1358 1872 1457 quomque]
1889 1364 2085 1455 Septimum
2100 1394 2205 1461 prae-

180 1469 218 1537 i„
241 1466 379 1536 Hassin,
1217 1467 1369 1545 ceptum.
1431 1457 1585 1546 Quando
1604 1459 1717 1528 facitis
1733 1462 1921 1530 scrobem'
1911 1490 1948 1533 33
1966 1470 2042 1538 3313
2058 1468 2202 1562 Lipsico

280 1567 340 1636 Vs.
359 1564 442 1635 197.
474 1559 632 1661 Tarenti]
660 1563 783 1646 idest,
818 1563 857 1630 in
879 1561 948 1631 31133
970 1562 1057 1633 13333
1082 1575 1165 1633 sunt
1217 1569 1252 1624 et
1266 1569 1411 1639 nostro
1437 1571 1521 1626 tuuc
1545 1583 1619 1626 nou
1641 1563 1786 1675 potestis
1810 1564 1957 1654 implere
1987 1571 2126 1641 foveam
2153 1576 2202 1642 ef-

178 1673 272 1740 bona
295 1691 436 1758 pascua.
540 1661 682 1759 Saturi]
710 1664 746 1732 id
765 1678 834 1746 331,
860 1664 1013 1754 pinguis.
1216 1660 1308 1728 fossa
1327 1670 1444 1741 terra,
1467 1658 1503 1726 rd
1520 1661 1774 1751 quodsrgnum
1790 1678 1962 1738 33133333
1981 1685 2107 1744 terrae.
2160 1673 2203 1742 133

283 1767 343 1839 Vs.
371 1766 454 1836 198.
488 1766 619 1855 infelix
649 1765 818 1863 Mantua]
851 1767 1005 1858 Propter
1032 1766 1163 1834 bollum
1217 1755 1417 1848 Thuringia
1443 1762 1863 1851 33133333333131313333,
1894 1783 1987 1840 13333
2013 1775 2204 1846 3133333331

181 1871 303 1953 333313,
328 1868 804 1961 quiaAugustusdistribuit
827 1891 930 1957 agros
948 1868 1165 1936 Mantuanos
1216 1861 1374 1952 reliqua,
1413 1864 1510 1951 quod
1540 1864 1713 1953 significat
1741 1880 1872 1936 terram
1899 1896 1971 1942 esse
1995 1876 2201 1944 densiorem

182 1973 253 2044 33333
268 1970 458 2050 militibus,
484 1982 524 2038 ut
539 1969 577 2035 in
591 1970 705 2059 prima
723 1969 854 2059 Ecloga
872 1968 993 2037 videre
1008 1969 1101 2038 licet.
1217 1976 1252 2031 et
1274 1960 1486 2051 pleniorem.

283 2070 342 2142 Vs.
369 2069 454 2141 199.
497 2067 645 2166 Gygam]
673 2069 790 2139 Habet
815 2072 946 2140 multos
969 2094 1100 2163 cygnos
1127 2069 1165 2136 in
1321 2060 1378 2132 Vs.
1400 2065 1489 2135 228.
1524 2068 1643 2136 Altera
1666 2066 1863 2167 frumentio]
1898 2073 1935 2141 id
1966 2087 2035 2158 331,
2073 2077 2201 2150 densa.

112 2167 118 2177 ⁸
181 2173 321 2267 Myntio
341 2172 501 2241 flumine.
1215 2165 1351 2253 attera]
1379 2162 1414 2231 id
1434 2178 1504 2247 331,
1529 2190 1625 2237 3333.

282 2273 343 2343 Vs.
357 2273 443 2346 208.
470 2267 599 2366 1113933]
616 2271 765 2362 Nigrum
782 2274 896 2343 solum
916 2286 967 2342 est
984 2287 1165 2364 praestan
1318 2263 1378 2333 Vs.
1395 2267 1481 2338 281.
1508 2266 1669 2369 Puteum]
1695 2269 1731 2339 id
1753 2284 1823 2354 331,
1858 2276 2031 2346 scrobem.
2081 2277 2120 2345 Si
2142 2303 2202 2348 33-

181 2376 377 2457 tissimum
426 2377 521 2467 qu0d
565 2387 600 2441 et
638 2378 830 2444 secundnm
866 2374 1065 2443 Homerum
1102 2388 1164 2446 est,
1216 2378 1334 2456 perest
1356 2368 1510 2436 multum
1533 2381 1648 2438 133333
1672 2372 1817 2464 impleti
1845 2378 1957 2459 13333,
2001 2391 2083 2447 tunc
2104 2392 2200 2448 terra

181 2473 440 2566 Thuringicum
464 2487 517 2544 331
537 2474 699 2564 nigrum,
742 2477 931 2546 Misnicum
956 2460 1104 2547 rubrum
1131 2488 1165 2544 31
1217 2480 1268 2538 1131
1287 2470 1408 2537 densa

182 2578 490 2670 pulverulentum,
516 2577 607 2646 333331
621 2576 902 2669 c1rcaLipsiam.
954 2578 1077 2645 Prima
1099 2580 1164 2646 bo·
1318 2568 1378 2638 Vs.
1393 2570 1481 2643 282.
1506 2576 1692 2666 Aeqaobia]
1719 2575 1756 2645 rd
1773 2589 1842 2660 est
1869 2581 2003 2649 calcato
2020 2582 2179 2671 pedibus
2226 2569 2233 2579 ’

180 2681 274 2749 33133
291 2691 325 2747 31
339 2677 555 2770 praestantra
575 2692 626 2748 est
640 2704 733 2770 nrgr1
754 2681 839 2762 soli,
874 2682 1026 2750 secunda
1051 2680 1164 2761 rubri,
1316 2669 1377 2740 13
1392 2673 1479 2743 284.
1511 2672 1614 2772 Uber]
1643 2677 1679 2744 id
1698 2690 1766 2761 331,
1794 2681 1922 2751 solum.
1999 2679 2200 2780 Nepotem]

179 2782 282 2852 tertia
302 2780 444 2848 candidi
462 2781 516 2849 vel
531 2780 667 2870 pallidi.
1215 2770 1252 2839 id
1267 2784 1337 2853 331,
1364 2774 1393 2841 33
1410 2786 1503 2842 13333
1522 2776 1589 2842 3331
1607 2778 1766 2871 reliqua,
1793 2780 1936 2872 impleti
1953 2785 2056 2855 13333.

281 2881 340 2952 Vs.
355 2880 443 2955 204.
478 2877 603 2977 Putre]
635 2883 672 2950 id
706 2896 775 2964 331,
815 2908 891 2951 333
923 2895 1048 2965 tenax,
1088 2908 1163 2952 non
1315 2872 1375 2944 Vs·
1392 2874 1479 2946 240.
1506 2873 1748 2973 Suanomma]
1774 2879 1964 2951 Frumento
1982 2883 2115 2952 313333
2136 2886 2202 2953 de-

177 2985 334 3067 lentum,
376 2985 438 3053 sed
463 2986 560 3076 quod
583 2985 684 3052 facile
706 2985 820 3054 scindi
842 2998 876 3054 ct
897 2987 1013 3076 frangi
1035 2998 1162 3077 potest,
1214 2988 1385 3063 generant
1400 3001 1438 3044 ru
1456 2977 1564 3046 alram
1580 3005 1750 3071 speciem
1777 2996 1816 3052 31
1838 2987 1981 3077 quando
2003 2983 2122 3054 ser1t1s
2137 2980 2202 3054 1333

178 3085 268 3154 Tale
303 3096 356 3152 est
386 3084 478 3151 cinca
502 3081 769 3168 wormatiam
809 3088 906 3178 quod
933 3099 1162 3178 comparatur
1213 3075 1251 3142 33
1279 3100 1387 3145 33333
1419 3079 1593 3165 triticum,
1632 3094 1717 3151 tuuc
1745 3085 1851 3154 tertio
1881 3111 1977 3155 3333
2006 3089 2046 3155 131
2074 3086 2201 3156 robus.

177 3183 465 3273 Longobardico.
517 3139 776 3275 Thuringicuni
794 3189 1037 3271 33113333333,
1065 3192 1162 3281 quod
1212 3174 1368 3246 Ewsslffl
1412 3184 1556 3272 quando
1598 3183 1713 3255 seritis
1747 3186 1786 3254 in
1819 3184 2019 3278 Thuringia
2053 3188 2199 3270 rubum,

180 3307 320 3354 necesse
338 3296 390 3353 nst
406 3307 511 3374 saepe
527 3285 704 3375 confringi
719 3287 900 3376 cylindris
1214 3280 1348 3351 133338.
1371 3305 1467 3352 3333
1491 3286 1531 3352 131
1550 3285 1719 3356 triticum.
1776 3286 1886 3358 113
1852 3314 1935 3358 3333
1957 3290 1996 3357 33
2020 3289 2093 3357 3133
2120 3289 2198 3358 3313

281 3382 340 3455 Vs
355 3384 443 3457 206.
470 3388 646 3478 Plaustra]
672 3385 832 3456 scilicet
822 3411 860 3454 in
873 3411 997 3458 messe,
1213 3381 1439 3497 degenerant.
1492 3385 1608 3455 Credo
1624 3388 1730 3457 313333
1748 3390 1889 3482 ingenia
1909 3405 1944 3462 31
1961 3414 2114 3482 corpora
2132 3386 2198 3459 bo-

280 3483 1161 3584 113207.033333333133]1133313333113333
1212 3506 1349 3553 manum
1367 3486 1445 3556 alus
1459 3486 1546 3557 locrs
1563 3491 1797 3579 degenerare
1830 3493 1919 3562 sicut
1943 3494 2001 3561 3113
2029 3517 2112 3585 pars
2125 3489 2197 3561 lta

179 3592 425 3680 neugereudt,
478 3591 561 3684 quia
610 3591 726 3660 solum
775 3590 881 3659 etiam
922 3606 1020 3660 amat
1059 3617 1159 3663 suam
1212 3583 1301 3668 liae,
1342 3611 1433 3679 quae
1457 3589 1587 3659 dicitur
1611 3590 1883 3683 Longobardia,
1920 3593 2026 3664 1331331
2048 3595 2195 3662 33133313

180 3694 347 3787 quietem.
1213 3699 1248 3754 31
1265 3711 1424 3777 procera
1428 3713 1599 3786 corpora,
1633 3696 1714 3786 quia
1732 3694 1960 3788 Longobardi
1975 3693 2067 3766 baud
2083 3694 2194 3763 dubie

278 3793 340 3865 Vs.
354 3796 441 3868 212.
468 3799 597 3865 Nam
582 3799 698 3871 33333333
719 3742 870 3888 quidem]
904 3792 1003 3862 Sicut
1026 3809 1078 3865 cst
1101 3796 1162 3866 Vi·
1212 3800 1295 3858 sunt
1311 3790 1486 3874 Saxones
1512 3806 1633 3862 tamen
1653 3821 1726 3865 non
1751 3812 1802 3868 est
1825 3799 1893 3867 1313
1918 3799 2026 3868 331333
2050 3807 2085 3863 31
2106 3819 2195 3886 pro·

179 3896 410 3984 tenbcrgense
438 3896 573 3977 solum,
616 3897 721 3962 sandt
744 3896 818 3963 und
842 3896 970 3977 erden,
1016 3903 1160 3989 quando
1213 3890 1359 3974 ceritas,
1385 3893 1499 3984 qualis
1516 3895 1600 3963 31333
1617 3898 1695 3970 1331
1747 3899 1997 3991 Longobardia
2022 3898 2109 3966 31333
2126 3897 2197 3968 furt

181 4017 310 4062 arenae
333 4006 385 4061 331
409 3995 604 4063 admixtum
631 3994 824 4084 pauxillum
843 4009 971 4066 terrae.
1021 3997 1161 4070 Etare-
1213 3992 1305 4060 cirta
1324 3992 1582 4087 Madeburgum
1599 4001 1780 4084 31Η3133
1807 4015 1871 4072 etc.
1969 4021 1971 4024 ’

180 4093 821 4188 3333133331333133333313333313133
848 4100 906 4167 sed
930 4103 1161 4172 nonestfoe
1313 4095 1477 4170 113241.
1507 4101 1645 4191 Quoloa]
1673 4105 1707 4173 id
1735 4117 1804 4187 est,
1839 4096 2028 4171 calathorii
2052 4097 2196 4184 33131133,

181 4197 309 4265 cunda.
413 4193 559 4293 013333]
588 4197 688 4267 Circa
707 4197 944 4291 Bambergam
969 4214 1004 4270 et
1020 4201 1161 4274 Heidel-
1211 4201 1422 4274 3333331333.

179 4298 325 4387 bergam
344 4294 450 4364 etiam
469 4313 521 4368 est
535 4323 724 4370 arenosum
745 4302 874 4385 solum,
899 4304 960 4373 sed
977 4317 1097 4374 tamen
1110 4309 1160 4378 ibi
1312 4302 1373 4372 Vs·
1388 4306 1474 4378 249.
1502 4304 1662 4403 1133133331]
1679 4308 1714 4376 331
1732 4320 1801 4388 331,
1828 4317 1949 4375 manet
1965 4316 2092 4388 tenax,
2118 4328 2194 4374 non

181 4411 232 4469 est
245 4395 383 4468 felicior
403 4398 540 4490 glarea,
570 4427 678 4494 quam
693 4397 752 4472 bic
768 4403 859 4472 33333
874 4404 1138 4497 Vitenbergam.
1211 4403 1331 4470 statim
1348 4404 1536 4496 frangitur.

281 4497 342 4568 Vs.
365 4500 452 4571 218.
483 4500 633 4600 Garios]
676 4504 804 4573 Glarea
838 4517 887 4575 est
919 4518 1002 4596 apta
1034 4501 1690 4598 1333133,113.251.1133333313]
1722 4509 1759 4576 id
1790 4520 1860 4590 est,
1908 4505 2016 4578 nimis
2042 4502 2194 4575 humida

179 4599 271 4671 srcut
282 4599 485 4694 Bamberga
501 4617 535 4672 31
550 4604 781 4696 Herdelberga
800 4600 933 4674 habent
954 4611 1160 4681 3333333333-
1211 4602 1385 4689 1111111111,
1425 4610 1538 4700 gignit
1566 4634 1715 4700 magnos
1749 4610 1903 4678 calamos
1928 4621 1963 4679 et
1984 4633 2060 4705 non
2077 4608 2193 4700 plena

179 4722 259 4772 3333
276 4695 415 4772 1333133.
1211 4727 1341 4796 grana,
1366 4709 1457 4781 sicut
1471 4710 1577 4780 etiam
1600 4712 1636 4779 in
1663 4706 1819 4781 humidis
1842 4711 1943 4781 annis
1967 4696 2051 4781 sunt
2069 4704 2194 4825 magni

281 4802 340 4873 Vs.
357 4801 444 4875 214.
480 4806 630 4897 Taphos]
657 4805 692 4873 id
719 4819 789 4889 331,
821 4805 913 4898 lapis
935 4831 1159 4886 cavernosus,
1210 4807 1338 4875 calami
1355 4823 1529 4903 etparum
1552 4836 1765 4905 granorum
1799 4823 1942 4881 econtra
1960 4834 2110 4882 33333313
2126 4831 2194 4877 33

182 4900 376 4999 Gleiydris]
405 4904 440 4972 id
466 4918 537 4988 est,
563 4908 796 4998 serpentibus.
1210 4910 1265 4979 nis
1281 4932 1409 4999 parum
1426 4914 1624 4985 culmorum
1640 4926 1675 4983 et
1691 4921 1840 4985 multum
1857 4937 2064 5005 granorum.

282 5004 343 5076 Vs.
361 5001 448 5079 215.
477 5004 596 5104 crau]
623 5008 659 5077 id
684 5021 756 5092 est,
790 5009 894 5079 Creta
915 5021 950 5078 et
971 5011 1047 5081 loca
1075 5039 1158 5084 con·
1312 5011 1372 5083 Vs.
1394 5011 1482 5088 267.
1524 5020 1660 5103 neo]
1694 5015 1749 5085 Ex
1781 5015 1970 5086 arboribus
1995 5015 2205 5084 13331333·-

178 5105 318 5196 fragosa
335 5130 410 5174 non
426 5121 509 5177 sunt
525 5123 628 5200 aptae
652 5106 832 5194 33113333,
865 5112 924 5181 sed
948 5111 1048 5184 alunt
1067 5118 1158 5187 mul·
1209 5112 1383 5199 iecturae,
1408 5140 1500 5209 quae
1514 5129 1630 5188 terrae
1645 5117 1717 5188 sint
1732 5117 1860 5186 bonae.
1931 5137 1936 5142 ·

180 5218 235 5276 tos
252 5221 443 5298 serpentes.
1288 5244 1291 5249 ’
1310 5216 1372 5288 Vs.
1387 5215 1474 5292 259.
1506 5224 1575 5291 133
1591 5214 1856 5314 animadversis]
1884 5216 2059 5287 Octavum
2084 5227 2206 5306 caput

281 5308 341 5381 Vs.
356 5310 443 5384 217.
468 5314 623 5382 &halat
643 5308 815 5411 3313313333]
843 5313 1043 5393 Conclusio.
1093 5316 1156 5390 llla
1210 5319 1436 5389 defodienda
1459 5321 1574 5392 vinea.

181 5422 233 5480 331
253 5413 410 5505 optima,
445 5437 536 5506 quae
558 5424 609 5482 est
627 5412 787 5502 pinguis,
813 5410 1008 5503 balituosa,
1034 5421 1157 5495 dulcis.
1308 5420 1472 5497 13261.
1498 5421 1703 5513 supinatae]
1729 5420 1850 5504 idest,
1877 5442 2076 5488 conversas.
