4784 6256
188 259 267 382 aes
394 320 397 325 ·
763 297 885 369 eun.
920 297 1032 368 nau.
1068 294 1270 368 sartura
1300 295 1635 366 unicorpores.
1924 370 1932 376 ,
2150 306 2228 377 39⁶

285 475 345 545 Vs.
372 471 457 545 459.
493 474 618 557 Quibus
645 473 736 558 ipso]
780 468 978 536 Commoda
1009 480 1210 604 recenset,q
1336 466 1395 536 Vs.
1413 463 1499 536 478.
1537 461 1701 560 Labores]
1729 466 1861 549 idest,
1904 468 2051 560 eclipses
2077 475 2165 545 solis
2192 492 2228 548 et

185 583 222 649 id
248 593 318 659 est,
342 573 475 644 habent
497 576 629 642 victum
651 572 726 640 sine
753 569 945 664 periculisj
970 568 1000 637 si
1023 592 1098 637 non
1117 563 1181 636 ha·
1232 570 1348 638 lunae.

166 686 270 753 ‘bent
287 703 431 767 magnas
449 700 552 764 opes,
580 687 702 741 tamen
722 669 812 740 habe
823 683 863 738 nt
880 669 1048 763 quietern.
1332 668 1393 738 Vs.
1409 668 1495 741 482.
1522 671 1694 759 Hyberai]
1721 668 1848 750 idest,
1875 692 1999 744 causas
2026 675 2226 771 inaequali.

287 779 347 848 Vs.
366 777 452 849 462.
493 777 639 865 [ladam]
672 776 801 854 idest,
835 772 989 840 turbam.
1040 770 1179 839 Rornae
1233 773 1316 842 tatis
1335 771 1472 838 dierum
1490 784 1524 838 et
1540 769 1712 837 noctium.

185 883 376 952 veniebant
399 900 502 945 inane
527 879 689 959 clientes,
716 889 751 943 et
768 874 979 944 salutabant
995 885 1179 961 patronos.
1333 871 1394 943 Vs.
1410 869 1495 942 484.
1530 866 1704 966 Frigidus]
1739 870 1776 939 id
1797 883 1869 953 est,
1899 873 2025 943 sinon
2048 882 2225 974 contingit

185 984 232 1053 Et
257 1005 328 1074 quo
356 980 506 1073 quisque
531 991 608 1047 erat
629 977 837 1069 potentior,
864 998 906 1042 eo
927 973 1045 1041 alebat
1065 973 1179 1041 maio·
1232 973 1320 1044 mihi
1338 973 1511 1054 eruditio,
1538 985 1623 1040 tunc
1637 973 1796 1040 antefero
1812 974 1923 1042 vitam
1940 977 2122 1051 rusticam.

187 1108 262 1153 rem
286 1104 469 1172 pompam.
522 1079 563 1148 ln
587 1081 666 1148 aula
685 1077 848 1146 Caesaris
864 1075 976 1144 nostri
993 1087 1044 1144 est
1058 1075 1178 1163 imago
1332 1075 1391 1145 νε.
1407 1075 1493 1145 490.
1534 1077 1635 1144 Felix
1657 1071 1857 1171 quipotait]
1895 1077 2058 1148 Primum
2083 1099 2134 1153 est
2163 1086 2222 1155 ille

187 1188 361 1279 quaedam
382 1179 487 1250 huius
507 1204 672 1270 pompae.
1230 1179 1373 1259 beatus,
1399 1178 1460 1270 qui
1478 1189 1529 1244 est
1546 1177 1738 1245 instructus
1756 1178 1960 1266 cognitione
1977 1205 2111 1267 rerum,
2138 1202 2221 1276 post

288 1284 348 1354 νε.
365 1281 450 1354 463.
488 1282 645 1370 labiaat]
674 1281 708 1346 id
735 1291 805 1359 est,
832 1289 993 1368 spectant
1013 1302 1093 1344 cum
1116 1279 1178 1345 ad·
1231 1276 1325 1348 hunc
1345 1279 1512 1368 agricola.

185 1386 389 1455 miratione..
1330 1379 1391 1449 Vs.
1406 1376 1492 1450 495.
1519 1378 1654 1467 Fasces]
1683 1376 1807 1459 idest,
1836 1380 2002 1470 imperia.

288 1487 348 1557 Vs.
366 1484 452 1556 464.
486 1484 673 1573 Ephyreia]
708 1481 843 1561 idest,
874 1475 1059 1548 Corinthia
1083 1501 1177 1561 aera,
1330 1481 1390 1551 Vs.
1407 1481 1493 1552 497.
1532 1481 1665 1569 Docere]
1700 1482 1734 1549 id
1759 1491 1830 1562 est,
1872 1507 1947 1550 nun
1973 1499 2100 1554 curant
2125 1489 2218 1557 bella

189 1589 285 1683 quia,
310 1593 354 1656 da
371 1583 435 1654 hat
451 1608 534 1652 man
551 1607 717 1653 zusamen
735 1605 864 1670 gossen
879 1580 1024 1672 allerley
1038 1580 1176 1649 metall:
1228 1583 1407 1652 Romana.
1466 1576 1563 1652 Nihil
1589 1582 1712 1650 dubito
1736 1578 1853 1650 Dacos
1877 1608 1971 1666 esse,
2006 1612 2095 1679 quos
2121 1613 2216 1658 nirnc

187 1714 334 1772 aurum,
361 1699 569 1778 argentum,
596 1698 660 1753 etc.
714 1682 767 1750 Ex
789 1683 920 1774 quibus
941 1682 1060 1751 mixtis
1082 1693 1177 1773 post·
1229 1708 1398 1755 vocamus
1414 1685 1762 1773 Septemcastrenses.
1814 1682 1977 1755 Fuerunt
1994 1699 2112 1757 autem
2131 1692 2217 1759 vici·

189 1818 228 1862 ea
247 1788 549 1883 praestantissima
566 1808 651 1855 vasa
669 1786 761 1851 facta
780 1797 875 1852 stant.
1099 1852 1105 1866 ,
1229 1810 1296 1856 nae
1310 1800 1431 1878 gentes
1446 1784 1553 1867 Daci,
1580 1785 1748 1877 Cymbri,
1775 1785 1904 1871 Getae,
1930 1801 1965 1856 et
1979 1790 2216 1862 circumfude-

289 1892 350 1961 Vs.
366 1888 452 1959 466.
480 1887 595 1979 casta]
622 1884 912 1960 assuescimus,
940 1885 1026 1977 quid
1049 1884 1094 1955 sit
1115 1883 1176 1983 illa
1228 1902 1313 1958 runt
1342 1914 1377 1958 se
1408 1890 1451 1957 ab
1487 1887 1670 1977 Hungaria
1702 1910 1766 1977 per
1797 1887 1983 1956 Poloniam
2018 1915 2130 1982 usque
2165 1897 2215 1961 ad

189 1997 304 2076 casia,
330 2004 476 2060 nonest
498 2001 640 2069 nostra,
667 2008 776 2079 quam
792 2010 924 2055 cassam
942 1989 1095 2056 fistulam
1113 2010 1176 2054 vo·
1228 1990 1409 2060 Prussiam
1444 2005 1480 2060 et
1501 1988 1728 2080 Cymbricam
1749 1984 2025 2073 Chersonesum,
2063 2004 2097 2058 et
2124 2015 2212 2061 con-

191 2120 324 2168 oamus.
1228 2095 1419 2163 iunxerunt
1447 2118 1503 2175 se,
1543 2102 1578 2160 et
1611 2093 1696 2160 satis
1731 2091 1870 2160 fortiter
1903 2080 2108 2163 restiterunt
2133 2094 2216 2162 Ro·

291 2194 353 2265 Vs.
371 2192 457 2264 467.
500 2196 544 2261 Et
571 2191 699 2279 nescia]
731 2187 848 2257 Unser
875 2191 1011 2258 bauren
1040 2184 1175 2257 habens
1228 2195 1355 2269 manis,
1775 2273 1776 2276 Ἴ

189 2297 288 2371 nicht
303 2296 378 2364 wol
394 2296 568 2384 gelernet,
593 2290 663 2358 wie
677 2291 728 2359 sie
745 2291 802 2357 die
819 2291 892 2359 leut
908 2289 1101 2381 betriegen.
1327 2294 1388 2366 νε.
1405 2293 1492 2366 498.
1534 2298 1773 2388 Perituraqae]
1807 2294 1843 2363 id
1879 2307 1949 2378 est,
1990 2320 2066 2364 non
2090 2296 2214 2367 vident

290 2397 351 2467 νε.
366 2393 452 2466 460.
486 2396 626 2482 Frigido
649 2391 782 2483 Tempe]
810 2391 846 2459 id
871 2404 941 2475 est,
967 2392 1044 2459 loca
1068 2390 1174 2471 culta,
1227 2421 1374 2491 magnas
1392 2396 1622 2466 calamitates,

191 2499 322 2575 schone
339 2521 418 2566 alte.
1327 2498 1387 2570 Vs.
1404 2496 1490 2571 502.
1522 2499 1722 2589 Tobaloria]
1749 2497 1786 2566 id
1802 2511 1873 2582 est,
1900 2498 2120 2569 consistoria.

290 2600 351 2669 Vs·
367 2596 453 2667 471.
486 2600 616 2664 auara
633 2594 803 2685 aarum]
831 2594 867 2661 id
891 2605 961 2675 est,
987 2589 1095 2660 habet
1115 2615 1174 2659 ve·
1328 2600 1390 2671 vs.
1409 2598 1495 2672 aaa.
1521 2604 1717 2673 saturant
1732 2601 1810 2693 arcs]
1839 2601 1874 2669 ia
1897 2615 1968 2685 eo,
1994 2602 2136 2672 milites.

94 2732 99 2745 ¹
187 2702 363 2773 nationes.
1326 2701 1386 2774 νε.
1406 2700 1493 2774 506.
1518 2708 1679 2774 Dormiat
1694 2697 1799 2799 ostro]
1824 2704 1860 2770 id
1877 2716 1946 2786 est,
1973 2715 2013 2771 ut
2027 2704 2126 2772 dives
2139 2704 2215 2772 fiat.

286 2801 348 2871 VS·
366 2799 452 2870 472·
481 2801 526 2866 El
543 2795 682 2885 pallent
696 2819 775 2883 ⁰1²0?
775 2796 845 2888 am]
870 2796 936 2864 Hic
952 2819 1074 2864 versus
1090 2818 1174 2862 ⁰⁰¹¹·
1328 2804 1388 2875 νε.
1407 2803 1493 2876 508.
1515 2805 1666 2897 Rostris]
1687 2805 1810 2885 idest,
1833 2805 1871 2870 in
1888 2805 2132 2873 concionibus.

185 2905 274 2973 tinet
295 2905 383 2972 duas
408 2901 578 2978 virtutes,
606 2897 757 2990 quaem)
780 2900 910 2966 debent
935 2922 1009 2968 esse
1034 2896 1071 2963 in
1091 2896 1173 2977 illis,
1326 2906 1388 2978 Vs,
1404 2905 1491 2978 509,
1520 2908 1663 2997 cunm]
1684 2904 1834 2985 scilicet,
1858 2905 1980 2995 populi
1999 2903 2173 2973 Romani,

186 3009 248 3103 qui
272 3002 488 3073 adhibemus
513 3001 559 3065 ad
582 3022 637 3066 ‘0⁸
661 2999 930 3087 gubernandas,
957 3000 1173 3088 'imperim‘
1326 3008 1385 3081 Vs.
1404 3009 1490 3083 522.
1517 3013 1620 3080 Mitis
1634 3007 1827 3096 iaaprs’cis]
1853 3005 1918 3098 Hic
1942 3005 2136 3075 versiculus
2156 3019 2216 3076 est

187 3111 273 3176 tiam
293 3119 327 3171 et
344 3100 569 3170 tolerantiam
589 3100 766 3167 laborum·
1224 3103 1410 3198 physicus,
1439 3111 1638 3181 'Columella
1655 3131 1733 3177 eum
1752 3106 1850 3176 citat.

290 3203 351 3273 νε.
369 3199 454 3272 474.
489 3193 644 3293 lustitia]
680 3199 813 3266 Poetae
836 3202 975 3290 lingunt
1004 3199 1061 3293 (ut
1082 3199 1173 3268 Ara·
1325 3230 1387 3301 vs·
1405 3227 1492 3303 523·
1522 3221 1705 3323 Coronam]
1734 3227 1769 3295 id
1785 3238 1856 3308 est,
1881 3223 2042 3313 implent,

187 3307 279 3400 tus),
307 3306 401 3419 quod
419 3299 550 3368 iustitia
568 3298 708 3412 eOterris
723 3299 924 3416 discedens,
951 3301 1172 3417 aliquamdiu
1323 3348 1384 3420 Vs·
1408 3347 1495 3420 533⁶
1530 3352 1592 3420 Sic
1618 3341 1737 3436 sums]
1780 3344 1912 3415 scilicet
1937 3366 2001 3433 pet
2036 3343 2210 3434 agricolas

187 3411 281 3501 apud
298 3416 447 3475 rusticos
462 3397 636 3482 haeserit,
670 3412 704 3467 et
721 3415 929 3469 concionata
945 3414 990 3469 srt
1007 3425 1076 3482 ers,
1106 3414 1171 3470 etc.
1224 3451 1346 3522 crevit·
1722 3398 1737 3442 J

288 3507 348 3578 Vs.
366 3503 451 3576 476.
489 3505 636 3587 Quamne
662 3527 762 3572 soora
782 3501 871 3595 sero]
909 3503 944 3571 id
972 3516 1041 3584 est,
1073 3516 1171 3570 ante.
1322 3567 1485 3647 Vstffi
1518 3564 1670 3666 Aurem]
1705 3570 1742 3638 id
1767 3579 1839 3649 est,
1874 3564 1946 3632 vita
1969 3563 2208 3655 agricolarum

184 3614 261 3681 iero
277 3610 411 3690 studia,
437 3609 498 3676 sed
514 3618 595 3695 post
609 3605 724 3721 studia
742 3604 853 3693 magis
875 3627 957 3671 amo
982 3603 1171 3694 agricultu-
1223 3696 1240 3738 e
1285 3685 1299 3740 t
1482 3685 1485 3689 .
1554 3674 1617 3741 tt,
1722 3671 1731 3687 .
1807 3668 1935 3737 rabam
1982 3666 2191 3735 ambitiones

184 3739 282 3797 ram,
309 3737 416 3809 quam
433 3709 570 3800 reliqua
590 3719 685 3774 vitae
704 3728 847 3794 genera.
1222 3695 1484 3843 13ιᾶὃὲζέιὲ
1511 3698 1663 3757 39313»
1720 3695 1803 3761 '31¹⁰
2118 3779 2128 3788 ·
2193 3718 2204 3748 s

184 3855 388 3867 -...-........
1325 3828 1335 3856 8
1418 3824 1428 3844 ⁸

217 3928 266 3987 40)
284 3924 366 3991 quae]
385 3924 436 3976 tta.
454 3923 529 3974 last.
551 3921 650 3971 nendo
668 3922 796 3985 magn:
821 3920 875 3985 qut.
1321 3890 1381 3962 Vs.
1397 3886 1483 3964 542.
1512 3886 1659 3987 Equum]
1688 3914 1754 3980 pro
1774 3909 1961 3980 equorum.

763 4192 811 4263 ln
844 4195 1012 4266 librum
1039 4194 1099 4269 lll.
1132 4195 1392 4288 Georgicon
1418 4194 1624 4286 Virgilii.

283 4395 426 4467 Tertius
439 4396 532 4465 liber
547 4392 655 4466 habet
676 4393 933 4487 pulcherrimas
956 4401 1164 4493 descriptio·
1216 4400 1347 4495 piter¹)
1371 4398 1543 4490 relegavit
1567 4422 1670 4483 eum,
1713 4413 1788 4474 ete
1818 4401 1917 4470 coelo
1944 4398 2079 4469 eiecit(
2126 4399 2205 4468 Rex

180 4521 243 4567 nes
278 4498 515 4568 animantium
546 4502 791 4592 quorundam
834 4514 869 4571 et
902 4514 956 4573 est
986 4505 1162 4598 quaedam
1216 4503 1482 4572 veroAdmetus
1494 4500 1698 4590 Apollinem
1717 4503 1871 4594 excepit,
1898 4516 1932 4572 et
1944 4503 1996 4571 rei
2012 4501 2204 4593 pecuariae

178 4623 263 4690 pars
280 4597 459 4693 physices,
485 4599 579 4671 scire
588 4614 735 4672 naturas
755 4601 1009 4676 animantium.
1058 4605 1164 4674 Sunt·
1216 4603 1403 4696 praefecit,
1443 4603 1493 4672 ibi
1514 4625 1644 4671 novem
1670 4627 1784 4685 annos
1809 4604 1884 4675 eius
1907 4617 2067 4674 armenta
2089 4603 2203 4695 pavit,

179 4724 249 4794 que
270 4703 408 4772 natcrris
432 4701 668 4771 animantium
698 4727 826 4794 magna
850 4704 950 4795 signa
973 4705 1164 4796 providen·
1216 4707 1300 4800 quia
1318 4704 1402 4773 olim
1421 4727 1521 4796 reges
1536 4703 1732 4796 plurimum
1751 4730 1790 4773 re
1807 4706 1977 4797 'pecuaria
2004 4731 2039 4777 se
2061 4717 2202 4775 susten-

177 4803 249 4871 tiae
272 4804 414 4872 divinae
437 4804 620 4895 impressa.
679 4801 726 4873 Et
749 4805 912 4876 videmus
933 4806 1163 4878 Aristotelem
1215 4809 1358 4889 tabant,
1385 4807 1475 4878 sicut
1492 4806 1696 4877 Herodotus
1718 4808 1861 4893 scribit,
1894 4807 1988 4902 Cyro
2013 4807 2108 4877 nulla
2134 4804 2202 4874 tri·

142 4981 147 4988 ¹
176 4927 306 4996 magna
325 4906 508 4997 diligentia
524 4930 598 4977 esse
614 4908 838 4998 complexum
857 4921 1004 4978 naturas
1027 4909 1163 4979 anima·
1214 4911 1298 4978 buta
1316 4911 1400 4978 data
1418 4933 1512 4990 esse,
1536 4910 1599 4980 sed
1613 4908 1786 4999 plurimas
1799 4904 1964 4981 habuisse
1980 4933 2123 5001 greges,
2150 4908 2206 4977 ita

174 5004 284 5091 lium,
310 5020 345 5076 et
362 5008 534 5100 quasdam
551 5009 589 5077 in
605 5007 655 5079 eis
670 5009 831 5080 virtutes.
1214 5023 1299 5082 tune
1322 5010 1501 5103 principes
1525 5012 1752 5101 praestabant
1769 5024 1803 5080 et
1818 5013 2034 5082 excellebant
2053 5011 2205 5094 virtute,

277 5124 338 5196 Vs.
360 5127 391 5196 1.
417 5123 637 5223 Pales]·Dea
654 5140 853 5218 pastorum.
1212 5113 1449 5295 fflopibus.
1507 5113 1575 5182 Sed
1600 5125 1681 5203 post
1699 5111 1852 5204 Cyrum,
1886 5112 2017 5184 Darius
2036 5112 2206 5205 primum

278 5243 337 5312 Vs,
352 5249 389 5316 2,
424 5249 547 5318 pm,
570 5249 612 5317 ab
627 5246 834 5335 Ampyfflo]
860 5245 895 5313 id
919 5258 990 5330 esp,
1016 5244 1160 5337 Apono,
1312 5215 1366 5285 uit
1396 5215 1542 5285 tributa.
1613 5212 1666 5282 lta
1693 5216 1866 5284 Admetus
1896 5239 2039 5308 quoque
2069 5208 2204 5284 habuit

174 5345 236 5434 qui
261 5344 298 5412 in
313 5343 497 5417 Thessalia
520 5349 619 5438 pavit
641 5348 751 5414 boves
765 5347 907 5416 Admeti
929 5348 1039 5438 regis;
1073 5370 1159 5415 nam

173 5445 311 5536 fingunt
327 5450 530 5540 Apollinem
547 5447 761 5516 interfecisse
778 5446 970 5540 Cyclopas,
1004 5449 1086 5519 ideo
1101 5446 1159 5518 lu·
1247 5481 1277 5546 ι)
1295 5478 1414 5543 rapiar]
1432 5480 1482 5529 ns.
1501 5478 1575 5529 ssu.
1593 5477 1674 5526 sutus
1693 5476 1812 5528 nonina
1831 5479 1891 5530 loeo
1909 5480 1991 5530 asset
2006 5478 2126 5543 sagnam·
2141 5469 2185 5540 Ζι.
