4784 6256
172 299 246 375 εει
373 370 376 375 ,
520 277 524 284 ’
723 286 880 397 εΗιι.
915 226 1632 358 ΜΕε.εεε1ΡτεΡειι.οιοειεΑ.
2136 294 2215 374 072

277 455 441 538 νε.·232.
469 456 596 556 henin]
629 459 750 540 idest,
776 471 966 550 propterea
997 456 1164 528 distribu-
1215 479 1298 525 nem
1324 449 1529 546 physicam,
1556 467 1596 522 nt
1622 452 1774 544 septimo
1800 457 1856 526 die
1887 461 1949 529 frat
1976 463 2094 550 crisis,
2128 470 2215 562 quie

176 585 234 640 tae
260 579 342 638 sunt
368 569 459 636 vices
482 579 517 633 et
534 586 656 633 rursus
672 560 829 628 ordinati
845 561 929 630 solis
949 572 984 639 et
1010 560 1166 652 reliquo·
1217 572 1302 628 tunc
1330 555 1537 646 >pervenit
1556 557 1592 622 in
1610 557 1829 626 contrarium
1846 560 2007 651 signum,
2033 581 2074 636 nt
2096 593 2216 641 exem-

167 671 466 759 'rum-siderum,
510 679 550 734 ut
577 673 777 753 temperent
813 664 917 733 nobis
948 686 1087 745 aerem,
1127 673 1167 730 ut
1218 659 1269 752 pli
1290 660 1405 748 gratia
1437 656 1475 725 in
1499 658 1687 726 novilunio
1715 660 1783 728 luit
1813 665 2019 734 coniunctio
2044 669 2134 754 hin
2165 677 2216 759 δ’,

178 772 350 851 muas
366 768 552 837 foecunda.
1218 768 1389 854 postea)
1411 761 1563 850 septimo
1591 761 1648 828 die
1667 762 1839 850 renisa,
1876 768 1939 859 qui
1963 782 2058 840 certe
2086 787 2138 843 esa
2164 777 2217 842 al.

276 871 340 957 νε.
355 872 442 944 288.
497 861 663 963 Qua-rm]
692 865 893 936 Discrimen
908 889 970 934 sen
987 862 1168 934 distinctio
1219 863 1330 932 terius
1346 861 1718 955 complexionisquam
1742 885 1789 957 8.
1832 865 2087 963 lta))semper
2107 879 2216 968 septi.

181 997 348 1065 agrorum
372 985 407 1041 et
427 973 588 1042 locorum
605 966 854 1039 habitabilium
879 981 914 1037 et
933 991 1006 1035 non
1030 962 1168 1034 hahita·
1220 989 1281 1035 mo
1306 961 1364 1031 die
1389 964 1548 1032 venitin
1580 967 1800 1037 contrarium
1828 971 1968 1060 signum
1994 975 2046 1058 ei,
2078 977 2213 1071 inquo

179 1078 318 1147 bilium.
344 1074 390 1143 Et
404 1098 521 1156 causa,
536 1097 599 1143 cur
614 1096 689 1140 non
704 1073 842 1163 possint
850 1070 881 1162 ⁸)
897 1070 1072 1163 quaedam
1091 1069 1169 1137 loca
1221 1063 1401 1161 principio
1423 1067 1551 1137 luerat.

179 1176 356 1260 habitari,
378 1191 500 1246 tamen
515 1187 599 1244 esta
620 1175 732 1243 coelo.
790 1169 882 1269 Una]
899 1173 935 1239 id
952 1183 1016 1254 est,
1039 1172 1171 1240 media.
1323 1165 1385 1236 Vs.
1401 1168 1489 1242 278.
1517 1166 1735 1266 Eumenides]
1763 1170 1885 1258 idest,
1912 1177 2038 1249 suriae.
2102 1187 2211 1253 Terra

283 1277 344 1347 νε.
360 1275 447 1351 255.
470 1273 671 1372 Extremae]
701 1277 830 1358 idest,
861 1277 961 1343 Zona
985 1274 1113 1343 arctico
1137 1284 1172 1341 et
1223 1263 1383 1364 nefando]
1412 1271 1449 1339 id
1473 1284 1545 1354 cst,
1572 1272 1766 1343 monstrosi
1790 1288 1913 1366 partus
1939 1293 2023 1349 sunt
2044 1283 2130 1351 editi
2151 1286 2212 1356 illo

184 1380 390 1452 antarctica.
424 1381 522 1449 Zona
542 1380 673 1447 arctica
691 1390 744 1447 est
759 1379 850 1446 ultra
868 1376 1085 1458 Norbeiam‚
1110 1374 1173 1444 ubi
1224 1389 1398 1463 tempore.

185 1482 434 1573 estPilappia;
461 1484 572 1552 altera
589 1479 779 1548 antarctica
795 1480 898 1550 nohis
913 1493 965 1550 est
979 1478 1172 1568 incognita.
1326 1472 1386 1544 νε.
1401 1475 1489 1548 279.
1515 1472 1748 1571 Iapetumque]
1773 1476 1850 1544 Hoc
1871 1503 2003 1551 nomen
2028 1482 2124 1557 haud
2147 1492 2211 1558 du·

284 1584 344 1655 Vs.
360 1585 447 1657 287.
473 1576 588 1677 Duae]
614 1582 651 1650 id
675 1595 745 1664 est,
771 1583 930 1673 tropicus
952 1583 987 1652 Θ
1010 1593 1044 1649 et
1062 1580 1174 1671 tropi·
1224 1579 1282 1648 hie
1299 1602 1317 1644 a
1334 1573 1459 1666 laphet
1480 1574 1624 1648 habent.
2054 1647 2058 1656 ⁴

187 1710 247 1757 cus
269 1686 325 1781 „p
1328 1677 1388 1748 Vs.
1414 1680 1499 1751 281.
1536 1681 1631 1750 Pelio
1648 1672 1784 1774 Ossam]
1828 1679 1895 1752 llic
1918 1688 2057 1759 vocales
2086 1714 2107 1758 o
2132 1705 2168 1761 et
2191 1718 2213 1761 o

287 1787 349 1858 νε.
364 1786 451 1861 240.
477 1789 632 1858 Mundus
647 1781 700 1883 ut]
726 1786 852 1867 idest,
878 1783 983 1856 nobis
1009 1783 1068 1852 illa
1091 1808 1174 1875 pars
1226 1807 1302 1852 non
1320 1793 1403 1852 sunt
1418 1781 1585 1852 elidendi.

186 1888 317 1959 dicitur
333 1889 495 1980 superior
512 1914 633 1961 versus
649 1890 772 1981 polum
792 1886 976 1958 arcticum.
1069 1894 1177 1959 Aroes
1329 1882 1389 1954 Vs.
1406 1882 1493 1959 284.
1519 1888 1673 1974 Septima
1685 1895 1760 1971 pon
1773 1881 1950 1982 dumam]
1967 1887 2061 1957 Haec
2078 1893 2211 1966 iterum

187 1989 444 2085 nntpnaeasffl
472 1991 509 2060 id
527 2005 591 2074 est,
617 2004 768 2061 montes.
820 1989 967 2059 Veteres
983 1991 1175 2061 nonintel·
1226 1985 1362 2060 habent
1377 1989 1555 2057 rationem
1572 1983 1767 2080 physicam.
1809 1990 1929 2059 Sectae
1944 1992 2108 2064 materies
2126 2011 2213 2069 ante

187 2094 351 2162 lexerunt
382 2117 447 2182 per
473 2090 680 2186 llhiphaeos
715 2105 993 2163 montes-unum
1020 2093 1174 2187 aliquem
1227 2090 1464 2185 plenilunium
1489 2091 1590 2159 facile
1613 2103 1837 2180 putrescunt,
1862 2092 1945 2185 quia
1972 2095 2124 2164 multum
2146 2095 2216 2169 ha-

187 2209 370 2276 montem‚
396 2197 457 2265 sed
472 2196 626 2281 illelmo
643 2195 843 2286 surgentia,
870 2219 961 2287 quae
978 2210 1080 2265 erant
1095 2198 1176 2268 sub·
1228 2198 1314 2264 hent
1338 2188 1547 2272 humorem
1585 2196 1646 2262 sed
1672 2206 1754 2284 post
1781 2194 2015 2284 plenilunium
2043 2222 2118 2267 nnn
2148 2226 2215 2293 pu-

188 2297 331 2366 limiora
357 2322 465 2389 quam
486 2297 637 2391 reliqua.
703 2296 751 2365 Et
772 2297 822 2366 sic
845 2297 1013 2367 dicuntur
1038 2322 1056 2365 a
1075 2293 1177 2395 ῥιφή,
1229 2306 1406 2378 trescunt‚
1433 2297 1515 2389 quia
1531 2295 1648 2379 minus
1664 2290 1797 2364 habent
1812 2293 1985 2368 humoris.

189 2398 228 2468 id
242 2412 312 2482 est,
333 2398 490 2490 impetu,
516 2401 600 2493 quia
623 2399 676 2467 illi
700 2399 804 2469 flatus
824 2398 985 2469 boreales
1008 2413 1090 2470 sunt
1120 2424 1176 2469 ve·
1330 2397 1391 2467 Vs.
1406 2397 1493 2471 287.
1519 2400 1636 2468 Multa
1652 2394 1749 2496 adeo]
1776 2398 1885 2470 XVll.
1912 2414 2152 2492 praeceptum.

115 2512 120 2528 “
190 2496 461 2571 hementissimi.
1330 2499 1391 2571 Vs.
1407 2502 1494 2575 288.
1520 2503 1599 2573 Sole
1614 2496 1711 2596 nevo]
1731 2505 1767 2570 id
1783 2516 1855 2585 est,
1882 2516 1964 2573 ante
1980 2504 2064 2576 solis
2083 2518 2217 2590 ortum,

291 2601 351 2671 νε.
366 2601 452 2675 241.
477 2599 654 2699 Deveoeus]
682 2602 803 2672 Altera
827 2627 911 2695 pars
933 2601 1064 2673 dicitur
1089 2602 1176 2672 inse·
1230 2628 1343 2695 gegen
1360 2606 1430 2674 den
1444 2630 1604 2695 morgen.
1717 2646 1721 2655 »

190 2705 267 2774 rior
281 2725 404 2774 versus
419 2708 542 2795 polum
563 2705 811 2776 antarcticum.
1330 2705 1392 2777 Vs.
1408 2707 1497 2783 290.
1527 2704 1739 2805 Tondentur]
1764 2709 1800 2776 id
1817 2720 1888 2791 est,
1914 2724 2088 2782 secantur.

280 2801 352 2875 νε.
366 2805 455 2880 242.
482 2803 565 2904 Hie]
592 2808 630 2877 id
645 2821 716 2892 est,
743 2809 830 2878 citra
849 2833 964 2880 ursos.
1231 2809 1355 2897 Deficit
1369 2807 1506 2910 humor]
1534 2810 1569 2880 id
1589 2826 1659 2896 est,
1685 2835 1756 2879 nox
1771 2834 1911 2900 semper
1926 2823 1978 2879 est
1993 2809 2154 2884 humida.

291 2905 352 2980 Vs.
377 2908 465 2985 246.
496 2917 650 3005 Aequore
671 2907 800 3009 tinpue']
830 2911 960 2995 idest,
992 2932 1178 3002 nunquam
1333 2911 1394 2984 Vs.
1409 2913 1496 2987 292.
1523 2909 1691 3009 Inspicut]
1718 2914 1754 2979 id
1769 2925 1840 2994 est,
1866 2911 2000 2982 incidit.

193 3022 405 3092 occidentes.
1058 3055 1064 3067 -
1333 3014 1394 3086 Vs.
1410 3016 1498 3090 298.
1528 3012 1661 3112 Testae]
1688 3016 1722 3082 id
1741 3029 1810 3095 est,
1836 3016 2037 3086 desiccatos.

293 3119 356 3189 νε.
381 3112 468 3191 252.
501 3112 608 3211 Hine]
640 3118 677 3186 id
710 3131 781 3200 est,
814 3141 856 3184 ex
882 3116 1086 3205 cognitione
1111 3115 1180 3185 Zo-
1334 3115 1395 3191 νε.
1409 3119 1496 3192 299.
1523 3123 1644 3191 Nudus
1657 3111 1736 3214 ero]
1767 3114 1891 3188 XVlll.
1916 3120 2221 3209 praeceptumde

193 3223 287 3294 diaci
303 3233 339 3288 et
353 3219 504 3289 aliarum
520 3217 702 3287 stellarum
719 3232 802 3287 ortu
815 3231 850 3286 et
864 3241 1002 3289 occasu.
1232 3221 1453 3310 temporibus
1489 3223 1680 3306 arationis,
1712 3223 1748 3288 id
1774 3232 1841 3302 est,
1873 3221 2085 3314 priusquam
2119 3220 2219 3289 venit

295 3321 357 3391 Vs.
371 3316 458 3393 254.
485 3315 661 3415 Marmor]
689 3320 726 3387 id
751 3333 821 3401 est,
846 3342 946 3386 mare
967 3319 1018 3389 sic
1046 3321 1180 3390 dictum
1232 3318 1415 3392 horridior
1430 3321 1573 3417 hyems,
1600 3349 1683 3407 ara,
1707 3324 1764 3392 vel
1787 3337 1867 3392 ante
1885 3325 1976 3414 gelu.

197 3450 218 3495 a
243 3424 410 3494 candore.
1333 3424 1394 3497 Vs.
1408 3427 1494 3497 300.
1522 3423 1645 3524 Porto]
1672 3424 1714 3494 ln
1728 3423 1855 3518 hyeme
1870 3426 2039 3495 fruuntur
2051 3423 2126 3495 istis
2145 3423 2222 3495 suis

297 3524 359 3596 νε.
374 3522 462 3599 257.
487 3521 720 3622 ΝοεῙηιεΐνα]
748 3523 822 3598 XV.
836 3539 1079 3618 praeceptum.
1234 3527 1371 3618 opibus.

298 3629 360 3699 νε.
375 3625 462 3703 268.
488 3623 631 3725 Parem]
658 3632 695 3698 id
717 3641 786 3710 est,
813 3630 1054 3699 distributum.
1331 3626 1392 3699 Vs.
1408 3631 1495 3703 802.
1525 3625 1696 3725 dentalis]
1722 3630 1759 3698 id
1775 3644 1845 3712 est,
1870 3632 1962 3699 laeta
1981 3625 2112 3721 hyems.

299 3732 359 3805 νε.
375 3732 462 3806 268.
494 3727 651 3826 Auernis]
683 3731 816 3802 scilieet
843 3731 1032 3812 frumenti,
1058 3729 1180 3810 idest,
1332 3730 1394 3802 Vs.
1419 3733 1506 3802 808.
1541 3736 1607 3804 Gen
1627 3728 1781 3829 messae]
1815 3728 2059 3803 Pulcherrima
2085 3726 2222 3798 simili-

197 3835 353 3927 imponit
365 3837 543 3904 frumenta
560 3834 730 3915 vasculis,
753 3846 787 3902 et
801 3833 859 3901 illa
876 3834 1004 3923 signat.
1234 3839 1339 3918 tudo,
1367 3832 1490 3926 hyems
1508 3847 1559 3903 est
1574 3836 1675 3927 qnasi
1689 3849 1813 3924 portus
1829 3836 1958 3904 animis
1977 3830 2169 3923 occupatis.

301 3936 362 4005 Vs.
376 3933 463 4007 264.
487 3929 630 4028 Furcas]
645 3935 682 4002 in
699 3960 828 4025 genere
842 3937 1041 4028 significant
1055 3935 1180 4003 fulcra.
1317 3937 1397 4008 νε.
1413 3937 1500 4007 808.
1532 3933 1684 4034 Damas]
1720 3949 1772 4007 est
1801 3940 1976 4030 quaedam
2000 3937 2136 4026 species
2162 3958 2223 4001 co·

295 4035 357 4104 Vs.
380 4031 469 4107 265.
501 4030 684 4133 Amerina]
718 4037 754 4106 id
786 4051 859 4121 est,
899 4038 1046 4127 saligna.
1117 4035 1182 4105 Est
1233 4039 1339 4130 gnata
1366 4040 1491 4110 catulis
1513 4064 1722 4123 cervorum,
1759 4064 1833 4108 non
1858 4037 1991 4107 habent
2021 4037 2070 4104 ita
2095 4035 2221 4105 distin-

201 4140 376 4234 quaedam
392 4135 480 4206 salix
494 4134 656 4210 flexibilis
671 4152 706 4209 et
720 4151 835 4212 tenax.
912 4135 1130 4237 Retinacula]
1145 4137 1181 4207 id
1234 4155 1308 4212 ctos
1325 4166 1498 4213 cornuum
1511 4165 1645 4225 remos,
1661 4142 1752 4212 sicut
1765 4166 1897 4212 cornua
1915 4163 2104 4210 cervorum
2125 4148 2226 4218 sunt,

202 4254 273 4322 est,
298 4238 501 4330 ligamenta.
1234 4248 1294 4315 sed
1309 4246 1400 4315 rami
1413 4259 1496 4316 sunt
1513 4232 1755 4315 &haerentes

300 4340 361 4413 Vs.
381 4342 467 4427 266.
499 4339 653 4441 neena]
686 4345 840 4415 Reusen.
968 4341 1102 4443 Rubea]
1131 4357 1182 4416 est
1333 4347 1393 4419 Vs.
1417 4346 1504 4417 809.
1547 4350 1696 4435 Stuppeo
1716 4340 1870 4442 uerbera]
1897 4345 1934 4413 id
1963 4358 2034 4430 est,
2075 4340 2227 4412 vincula·

203 4445 308 4514 etiam
324 4446 512 4537 peculiaris
528 4450 659 4537 species
675 4446 801 4516 salicis.
882 4502 922 4513 ..
1233 4450 1324 4517 facta
1343 4473 1384 4518 ex
1397 4449 1485 4517 lino.
1537 4446 1712 4517 Nominat
1727 4462 1845 4519 autem
1868 4447 2015 4515 lundam
2037 4447 2228 4514 balearem:

300 4548 361 4620 Vs.
375 4548 462 4623 276.
489 4553 569 4638 lpse
583 4542 671 4644 due]
687 4547 777 4620 XVI.
796 4560 1037 4640 praeceptum.
1078 4548 1182 4618 Hunc
1235 4549 1482 4620 aBalearihus
1494 4548 1639 4633 insulis,
1665 4568 1756 4643 quae
1770 4574 1844 4620 non
1858 4551 1964 4639 longe
1980 4551 2026 4618 ab
2042 4544 2219 4638 Hispania

202 4661 314 4720 totum
339 4651 457 4721 locum
479 4653 524 4722 de
546 4651 749 4721 discrimine
767 4650 905 4721 dierum
925 4651 1031 4743 plane
1051 4675 1094 4721 ex
1112 4650 1182 4720 fle·
1234 4652 1321 4724 sitae
1348 4664 1452 4735 sunt,
1478 4651 1588 4721 altera
1616 4665 1765 4724 vocatur
1786 4653 1979 4735 Maiorica‚
2012 4652 2123 4720 altera
2148 4647 2221 4716 Mi-

206 4751 307 4822 siodo
322 4751 372 4846 ¹⁰)
393 4753 544 4846 sumpsit
562 4767 682 4844 poeta.
1234 4754 1379 4841 norica.
1420 4751 1566 4825 lllarum
1600 4755 1797 4827 insularum
1833 4752 1997 4825 homines
2029 4754 2079 4822 ita
2115 4761 2227 4820 erant

301 4855 362 4926 Vs.
384 4853 471 4928 277.
503 4849 684 4951 Quintam]
710 4854 787 4925 Hoc
809 4857 916 4945 plane
941 4866 994 4923 est
1014 4856 1182 4946 supersti-
1235 4855 1415 4926 exercitati
1427 4856 1566 4940 fundis,
1592 4871 1631 4927 ut
1645 4859 1751 4949 longe
1766 4871 1977 4949 superarent
1991 4878 2115 4925 omnes
2136 4851 2229 4921 reti-2

202 4957 352 5037 tiosnm3
384 4959 447 5028 sed
469 4959 528 5027 illa
549 4961 594 5028 de
615 4960 740 5029 diebus
762 4957 893 5027 criticis
915 4950 1049 5025 habent
1072 4957 1182 5027 ratio·
1234 4983 1323 5051 quas
1339 4958 1514 5028 nationes.
1565 4959 1613 5030 Et
1628 4960 1757 5030 Strabo
1780 4960 1901 5030 scribit
1917 4958 2036 5050 pueris
2057 4978 2132 5025 non
2152 4957 2225 5023 da-

1234 5072 1309 5130 tum
1333 5083 1406 5132 esse
1419 5059 1558 5145 eibum,
1580 5063 1788 5157 priusquam
1807 5060 1910 5130 certis
1936 5056 2156 5153 temporibus
2181 5080 2224 5127 se

224 5219 268 5287 ·⁸)
287 5218 407 5287 possint]
426 5223 475 5272 ru
493 5223 568 5274 1544.
586 5224 712 5285 possunt
1233 5162 1467 5233 exercuissent
1479 5164 1604 5235 lunda.
1941 5193 1945 5199 -

235 5317 267 5385 e)
291 5320 471 5386 numam]
495 5323 538 5372 no
559 5323 608 5372 re.
624 5322 701 5373 rme
720 5319 749 5370 ιιι
772 5321 865 5387 textu,
895 5321 924 5374 u
947 5324 999 5376 roe
1020 5329 1180 5381 umens
1333 5264 1395 5333 νε·
1412 5266 1509 5383 3¹¹2
1527 5268 1615 5351 W
1629 5262 1852 5383 tempenates]
1879 5263 1968 5335 XIX·
1985 5275 2224 5381 pmceplum

270 5389 435 5456 aunum
457 5391 508 5441 ree.
525 5390 665 5455 wagner.
683 5389 840 5455 napaeas.
1233 5365 1276 5433 de
1308 5371 1589 5474 tempestatrbus.
1656 5369 1796 5437 Recrtat
1826 5380 1944 5438 autem
1978 5365 2090 5434 multa
2117 5385 2225 5471 signa

238 5488 286 5558 ιο)
303 5491 415 5546 nutet.
434 5492 503 5556 opp.
520 5493 549 5542 et
565 5490 631 5543 vtes
649 5491 703 5544 m
715 5503 773 5555 ης.
791 5492 833 5544 se
850 5492 1001 5560 00an
1234 5478 1483 5558 tempestatum
1501 5470 1575 5539 sive
1592 5468 1832 5561 prognostica.
1852 5524 1853 5529 ,
