4778 6240
173 285 250 359 453
415 296 417 300 ¹
633 267 851 340 Lxxxvttt
902 264 1191 340 ENARRA'rlo
1224 265 1506 340 GEORGlGON
1539 266 1749 341 VlRGlLll.
1876 278 1878 282 ’
2014 364 2020 376 .
2133 272 2211 351 434

173 480 274 529 suam
289 452 441 524 salutem
460 471 533 517 esse
548 444 836 514 commendatam
857 439 1099 532 principibus,
1135 451 1170 509 et
1220 463 1289 513 nus
1307 440 1462 531 imperat
1477 465 1602 525 servo,
1634 454 1675 510 ut
1698 453 1846 530 cogatur
1869 441 2003 523 facere,
2039 442 2209 536 quiequid

173 582 296 628 veram
316 553 486 625 iustitiam
507 562 541 617 et
556 547 766 638 sapientiam
786 544 1024 613 admirantur.
1070 540 1168 613 Deus
1219 541 1389 614 dominus
1413 544 1578 633 imperat.
1644 539 1695 612 lta
1721 557 1772 614 est
1796 543 1967 634 impressa
1990 545 2122 635 duplex
2148 570 2211 635 gu-

172 660 256 732 leeit
288 669 429 728 tantum
460 655 532 722 duo
560 650 757 741 regimina,
793 659 827 716 et
852 646 996 714 illorum
1025 645 1169 734 regimi·
1219 645 1384 715 bernario
1403 659 1554 714 naturae
1575 642 1754 716 humanae
1772 645 1885 716 civilis
1901 659 1935 715 et
1951 648 2100 718 servilis.
2153 647 2211 717 Ci-

172 788 261 834 num
288 753 568 852 pulcherrimam
594 753 786 843 imaginem
812 749 992 840 impressit
1015 760 1167 817 naturae
1220 748 1300 817 vilis
1324 763 1376 819 est
1400 747 1518 817 cordis
1540 760 1575 817 et
1598 749 1767 831 rationis,
1810 748 1947 820 servilis
1977 764 2029 822 est
2052 748 2211 820 locomo-
2313 738 2318 751 ’

172 863 366 937 humanae.
419 859 491 930 Cor
517 856 654 947 regitur
677 853 828 924 consilio
851 852 1015 921 rationis.
1073 848 1167 919 Illud
1219 849 1326 919 tivae.
1379 850 1526 921 Servilia
1544 851 1672 922 deinde
1697 865 1749 922 est
1773 853 1913 941 duplex.
1970 854 2050 924 Alia
2077 865 2130 922 est
2144 844 2237 923 ‘re-2

173 982 226 1039 est
242 965 427 1058 politicum
446 973 481 1030 et
495 958 739 1029 voluntarium
756 955 961 1047 imperium.
996 953 1164 1047 Sedquia
1220 952 1295 1043 gia,
1336 953 1404 1021 alia
1441 955 1640 1046 tyrannica.
1708 953 1915 1047 'l'yrannica
1951 969 2022 1039 est,
2063 958 2211 1049 quando

172 1072 273 1140 illam
298 1065 596 1160 gubernationem
621 1061 805 1152 politicam
830 1056 1054 1126 turbavimus
1084 1079 1168 1147 pro·
1220 1055 1381 1124 membra
1410 1071 1555 1125 externa
1585 1056 1722 1126 sariunt
1748 1056 1886 1150 aliquid
1912 1059 2128 1129 reclamante
2154 1083 2212 1128 ra·

172 1186 254 1267 pter
269 1170 397 1241 vitium
415 1166 584 1258 originis,
618 1177 658 1233 ut
680 1188 741 1232 cor
766 1185 842 1229 non
866 1161 1090 1250 obtemperet
1109 1182 1168 1227 ra·
1220 1156 1330 1225 tione.

172 1275 284 1344 tioni:
319 1273 400 1342 ideo
425 1272 592 1341 voluntas
613 1267 768 1358 imperat
789 1263 1048 1345 locomotivae,
1075 1284 1167 1354 quae
1321 1257 1383 1328 Vs.
1414 1252 1502 1329 564.
1555 1261 1790 1354 Bmlenope]
1825 1261 1863 1329 id
1904 1275 1985 1346 est,
2027 1259 2211 1354 Μηρὼθ

174 1378 257 1449 eine
265 1376 336 1446 ulla
355 1374 582 1445 recusatione
599 1369 739 1460 cogitur
756 1365 876 1436 omnia
895 1367 1023 1434 lacere.
1075 1361 1166 1433 lllnd
1221 1356 1300 1456 oet]
1325 1358 1395 1452 lpsi
1411 1376 1630 1433 vocaverunt
1647 1364 1759 1433 otium
1779 1364 1890 1432 vitam
1911 1366 2109 1457 privatam,
2134 1391 2211 1437 non

173 1480 367 1573 imperium
386 1491 439 1549 est
451 1476 592 1569 regale,
617 1497 692 1543 non
714 1484 766 1543 eet
790 1469 988 1562 politicum.
1040 1465 1167 1536 Domi·
1220 1463 1346 1534 esseio
1366 1463 1921 1554 reipublicaeadministratione.
