4778 6240
80 239 156 324 113Ι

79 423 142 493 llle
156 446 280 492 versus
307 432 358 490 est
381 420 538 511 optimus
559 419 599 487 in
615 419 789 509 Virgilio,
816 433 851 489 et
867 432 920 489 est
933 444 1071 488 summa

81 526 245 596 omnium
261 537 468 614 poematum
488 535 523 591 et
538 524 826 613 tragoediarum,
854 523 937 616 quia
956 546 1072 591 exem-

80 631 140 720 pla
169 627 353 718 proposita
380 639 482 706 sunt,
517 637 557 694 ut
591 627 769 696 discamus
797 625 967 694 iudicium
991 624 1071 708 Dei,

79 727 133 824 μὴ
158 725 257 800 κακὰ
282 725 492 824 κερδαίνειν
520 740 586 797 etc.
646 726 721 796 Vae
753 729 815 822 qui
838 727 968 818 spolias
993 741 1071 811 etc„

82 847 116 901 et
135 832 245 902 simus
267 832 515 901 modestiores.

181 949 261 1019 Vss.
286 948 362 1019 467
384 976 462 1043 sqq.
487 945 626 1017 XXXII.
686 947 741 1017 De
764 946 937 1017 conviviis
968 949 1069 1016 etde

80 1053 263 1122 ebrietate.

181 1170 283 1240 Esset
299 1171 493 1238 admodum
510 1169 674 1240 salutaris
693 1169 912 1250 admonitio,
939 1167 969 1235 si
984 1190 1068 1256 pro·

79 1276 213 1352 desset;
229 1269 302 1341 'sed
325 1272 375 1339 ita
397 1273 608 1366 plerumque
624 1273 674 1343 fit.
727 1272 884 1364 Quidam
902 1270 1068 1358 obiurga-

80 1376 131 1443 vit
158 1374 317 1443 ebrium:
350 1373 433 1444 Non
455 1378 565 1465 pudet
589 1388 622 1443 te
645 1375 693 1443 ita
720 1375 872 1468 ineptire
901 1371 1066 1441 ebrium?

79 1476 169 1559 lmo,
197 1477 316 1570 inquit
330 1476 401 1558 ille,
424 1502 498 1544 non
513 1479 624 1568 pudet
641 1490 674 1546 te
694 1480 883 1568 obiurgare
901 1472 1066 1543 ebrium?

78 1580 230 1649 Seneca:
258 1578 522 1649 Consuetudine
544 1581 705 1650 insaniae
729 1583 856 1650 durata
880 1578 987 1659 vitia,
1015 1577 1066 1643 vi-

77 1708 126 1750 no
143 1696 325 1772 concepta,
352 1683 458 1749 etiarn
477 1685 552 1752 sine
568 1684 653 1751 vino
670 1684 801 1754 valent.
853 1681 917 1751 Est
931 1680 1063 1749 dictum

76 1781 263 1877 physicum
299 1796 334 1851 et
368 1787 579 1856 oratorium.
639 1786 702 1856 Est
729 1789 825 1855 bona
860 1781 1005 1876 physica
1032 1796 1066 1850 et

76 1890 170 1956 bona
198 1887 424 1980 eloquentia,
453 1901 487 1956 et
507 1891 622 1957 forma
648 1915 768 1961 rerum
793 1903 845 1959 est
856 1890 972 1969 bona,
998 1889 1063 1959 turb

77 1986 117 2077 tu
142 2007 230 2082 puae
261 1990 298 2063 in
335 1994 458 2065 orbern
494 1993 614 2086 bingen
649 1991 726 2086 oct)
754 1992 808 2083 lo,
848 2003 889 2060 ut
911 1989 1064 2058 adulteri

78 2105 143 2162 etc.
170 2093 371 2163 delabimur
392 2098 649 2166 consuetudine
674 2099 780 2165 etiam
806 2097 851 2165 acl
868 2094 991 2163 eadem
1012 2093 1064 2160 vi-

76 2194 137 2265 tia.
191 2195 370 2265 Homerus
386 2196 433 2291 ω)
454 2198 556 2265 dicit:
583 2195 680 2271 ἑκών
703 2195 851 2273 ἀέκοντί
876 2223 918 2294 γε
935 2194 1064 2291 θυμῷ,

76 2311 199 2369 manet
219 2301 344 2368 volens
367 2323 442 2366 non
466 2301 600 2367 volenti
618 2302 754 2370 animo.

126 2416 213 2514 Χρὴ
249 2421 370 2499 ξεῖνον
414 2414 603 2512 παρεόντα
635 2423 777 2515 φιλεῖν,
816 2414 998 2489 ἐθέλοντα
1023 2405 1065 2484 δὲ

488 2519 710 2617 πέμπεινω).

77 2639 118 2709 ld
142 2651 215 2725 est,
258 2637 351 2714 Sion
377 2639 425 2729 [ol
456 2642 490 2732 jo
519 2639 602 2734 sidu
637 2639 834 2734 ouffbolten.
887 2637 1066 2706 Homerus

78 2742 181 2812 dicit:
218 2740 390 2812 Similiter
414 2759 556 2835 peccat,
583 2748 645 2838 qui
676 2746 877 2816 venientem
905 2766 981 2810 non
1008 2765 1066 2809 ex·

76 2845 164 2935 cipit
177 2840 335 2936 hospitio
353 2860 536 2929 amanter,
562 2861 597 2915 et
618 2848 698 2931 ille,
722 2849 785 2942 qui
798 2847 927 2916 retinet
941 2845 1065 2913 nolen-

76 2962 159 3018 tem.
212 2944 251 3015 ld
278 2961 348 3032 est,
375 2974 450 3018 non
473 2951 556 3020 iube
571 2952 622 3020 ire
639 2954 749 3022 foras.

178 3065 239 3137 Vs.
254 3064 342 3139 469.
392 3070 607 3163 Simonide]
650 3075 711 3148 uu
736 3072 901 3163 91191139
909 3119 921 3156 ,
948 3081 988 3137 tu
1011 3089 1065 3136 sa.-

77 3170 256 3260 pientule,
294 3173 490 3265 alloquitur
522 3175 680 3267 aliquem
711 3178 749 3244 in
780 3174 967 3256 convivio,
1003 3169 1066 3264 qui

77 3274 153 3342 vult
175 3274 255 3364 plus
279 3299 403 3365 sapere
429 3278 588 3346 caeteris.

177 3394 237 3464 Vs.
260 3393 346 3467 470.
384 3391 623 3493 eoeneum]
682 3398 768 3466 Vini
797 3397 898 3488 potio
930 3408 965 3465 et
988 3394 1065 3489 qui-

75 3497 155 3563 dem
179 3498 314 3588 largior
343 3502 580 3595 undecunque
605 3514 676 3586 est,
709 3502 758 3570 ita
786 3501 984 3596 loquuntur
1008 3521 1067 3567 ve·

73 3610 178 3672 teres.

177 3721 238 3792 Vs.
250 3722 335 3797 472.
364 3724 480 3794 Omne
497 3740 659 3796 coactum
678 3751 768 3818 opus
793 3739 845 3796 est
863 3725 1065 3804 molestum,

72 3823 339 3917 dolorificum,]
367 3827 470 3921 modu
496 3832 588 3904 einen
615 3833 777 3923 oouissig.

177 3942 255 4013 Vss.
280 3944 354 4017 473
371 3987 421 3998 -
436 3945 523 4016 476.
583 3949 726 4015 Volenti
753 3950 875 4016 bibere
899 3947 1065 4016 infundat

72 4046 272 4131 adstanrlo,
307 4073 382 4117 non
407 4062 498 4118 totas
522 4063 644 4119 noctes
666 4050 836 4118 deliciari.
889 4048 957 4117 Sed
988 4071 1065 4137 ego,

71 4163 265 4245 postquam
290 4175 495 4221 mensuram
521 4149 660 4222 habebo
687 4152 799 4222 dulcis
822 4149 915 4233 vini,
942 4147 1068 4218 m'emi·

72 4278 163 4323 nero
189 4256 321 4325 vadens
345 4256 492 4325 domum
510 4259 629 4326 somni
651 4254 820 4326 solventis
839 4247 971 4350 curas]
1003 4244 1086 4321 Est·=

73 4380 131 4426 res
171 4357 469 4449 perniciosissima
512 4359 656 4450 corpori
696 4358 814 4426 omnis
852 4356 1085 4453 lucubratio,⁴

76 4459 184 4528 etiam
215 4460 338 4531 sobrii.
390 4460 465 4552 Ego
492 4462 532 4530 in
552 4462 619 4532 ista
645 4461 888 4529 imbecillitate
904 4458 1066 4549 corporis

75 4563 147 4630 mei
170 4565 269 4632 nulla
296 4562 438 4633 ratione
455 4565 695 4635 valetudinem
715 4577 837 4645 tueor,
860 4587 939 4631 cum
961 4585 1065 4652 saepe

79 4677 237 4736 tentetur
260 4668 397 4738 morbis
414 4680 450 4735 et
479 4668 555 4736 aliis
586 4666 758 4750 miseriis,
800 4665 870 4736 nisi
899 4662 967 4734 bac
992 4687 1063 4734 una

74 4767 279 4861 diligentia,
306 4774 404 4865 quod
428 4769 498 4838 cito
514 4795 555 4839 eo
573 4770 743 4839 cubitum.
794 4767 870 4859 Ego
887 4764 957 4836 boc
975 4766 1066 4837 mul-

77 4883 132 4941 tos
158 4874 285 4957 docui,
314 4875 375 4967 qui
398 4872 527 4942 imitati
554 4886 656 4956 sunt,
684 4885 717 4940 et
735 4872 869 4963 experti
892 4883 974 4940 sunt
992 4894 1064 4939 esse

73 5076 280 5090 ”Cunna-on·-

114 5190 163 5254 sa)
182 5194 260 5243 nom.
277 5192 310 5242 n.
328 5193 385 5258 tv,
405 5192 447 5243 cs.

115 5311 485 5376 mmmmm

115 5407 165 5476 65)
183 5404 314 5475 teleptae]
332 5412 382 5464 Ed.
402 5412 479 5466 1660.
497 5410 583 5461 nster
608 5402 734 5476 θώρυξις.
769 5408 906 5475 'theognis
930 5413 955 5460 tt.
974 5411 993 5465 1.
1011 5423 1066 5462 non

150 5481 231 5529 tabet
249 5481 301 5529 boc
318 5491 436 5542 nonen,
456 5482 506 5529 red
524 5480 638 5530 verbum
655 5474 859 5543 θωρήσσεσθαι.

77 5565 262 5630 merua.
283 5563 390 5630 Oeta.
413 5563 499 5628 Von.
518 5562 610 5627 xlx

108 5710 126 5741 0

449 243 636 326 Lxxvttt.
696 245 986 320 EXPLlCA'l'lO
1018 242 1399 319 SENTENTIARUM
1434 247 1724 326 THEOGNIDS.
1832 240 1836 253 ’

1932 328 1937 337 ,
2042 258 2116 332 114

1124 446 1201 489 rem
1223 420 1508 493 saluberrimam.
1558 421 1685 513 Fugite
1712 422 1817 492 etiem
1835 427 2037 505 studiorum
2058 434 2112 505 lu·

1124 523 1351 593 cubratioues
1375 524 1606 614 vespertinas.
1668 524 1808 596 Natura
1832 541 1887 597 est
1914 535 2113 622 composita

1122 626 1302 715 principio
1324 627 1439 696 noctis
1463 629 1506 694 ad
1532 628 1707 719 quietem,
1734 642 1768 698 et
1787 633 1924 722 appetit
1941 635 2112 727 quietem,

1123 751 1216 821 quae
1242 741 1294 797 est
1321 731 1353 796 ei
1379 732 1617 799 concedenda.
1677 729 1787 800 Mane
1810 736 2010 823 prodeunte
2036 740 2112 809 sole

1122 842 1157 897 et
1184 830 1293 899 stellis
1321 831 1479 913 diurnis,
1512 856 1606 925 quae
1628 834 1847 903 comitantur
1870 837 2002 922 solem,
2034 866 2112 910 cor·

1121 956 1209 1021 pora
1235 957 1358 1003 rursus
1380 947 1414 1002 et
1441 935 1586 1024 spiritus
1605 947 1640 1003 et
1664 936 1818 1027 impetus
1834 938 1878 1006 ad
1894 941 2054 1011 laborem
2076 958 2111 1015 et

1122 1037 1242 1103 omnia
1271 1049 1353 1104 sunt
1375 1038 1487 1126 magis
1510 1037 1637 1105 idonea
1662 1042 1708 1107 ad
1731 1040 1896 1110 ferendos
1918 1043 2069 1115 labores.

1221 1136 1283 1208 Vs.
1300 1137 1387 1208 477.
1439 1138 1665 1226 Ostendam]
1717 1137 1757 1208 ld
1779 1157 1848 1227 est,
1875 1167 1949 1212 non
1972 1149 2054 1215 volo
2074 1162 2108 1217 te

1118 1243 1234 1308 facere
1261 1241 1487 1311 abstemium.

1220 1357 1280 1429 Vs.
1305 1359 1391 1431 478.
1445 1361 1528 1431 Non
1558 1360 1661 1428 valde
1691 1385 1769 1429 sum
1799 1363 1957 1457 sobrius,
1990 1392 2106 1462 neque

1119 1459 1222 1528 valde
1249 1462 1395 1554 ebrius]
1447 1460 1486 1532 ld
1513 1475 1585 1546 est,
1613 1486 1748 1555 quaero
1771 1466 2065 1541 mediocritatem.

1219 1563 1297 1633 Vss.
1313 1564 1387 1634 479
1401 1591 1454 1658 sq.
1506 1566 1576 1633 Sed
1597 1566 1658 1658 qui
1682 1566 1818 1633 excedit
1840 1581 1945 1658 potus
1963 1597 2105 1642 mensu·

1116 1688 1216 1746 ram,
1243 1691 1317 1734 non
1342 1681 1393 1737 est
1410 1692 1556 1757 compos
1576 1667 1719 1756 linguae
1742 1691 1845 1751 suae,
1869 1695 1934 1739 nec
1949 1668 2106 1770 mentis]
2209 1670 2214 1678 ’

1117 1767 1363 1864 Salomon“):
1399 1769 1507 1861 Quod
1540 1783 1591 1839 est
1623 1772 1661 1836 iu
1686 1771 1792 1838 corde
1816 1772 1946 1856 sobrii,
1980 1788 2032 1845 est
2064 1764 2121 1842 iu¹

1118 1895 1179 1939 ore
1203 1872 1304 1940 ebrii.
2093 1892 2096 1897 '

1218 1991 1279 2061 Vs.
1304 1990 1389 2061 481.
1441 1991 1575 2062 Narrat
1597 1990 1796 2082 periculosa
1820 1993 2103 2086 insuperabilia]

1116 2092 1224 2187 Volat
1248 2095 1483 2163 irrevocabile
1505 2095 1651 2164 (lictum.

1219 2197 1320 2289 Quae
1353 2199 1520 2266 videntur
1554 2198 1673 2288 turpia
1708 2198 1865 2290 sobriis]
1926 2197 2018 2291 Quia
2053 2201 2102 2268 sic

1118 2299 1275 2388 cogitant
1301 2301 1433 2369 sobrii:
1468 2301 1541 2369 Atii
1563 2303 1672 2369 multa
1698 2302 1865 2371 dixerunt
1889 2298 1980 2368 milti
2002 2303 2105 2385 ebrii,

1118 2425 1208 2492 quae
1243 2427 1366 2471 omnes
1395 2403 1563 2473 vellemus
1590 2427 1662 2472 esse
1695 2405 1820 2472 obruta
1848 2416 1990 2471 aeterna
2016 2405 2106 2472 obli-

1117 2503 1243 2587 vione,
1268 2504 1428 2574 fortassis
1452 2530 1516 2595 ego
1543 2507 1661 2573 ebrius
1685 2530 1828 2599 quoque
1845 2508 1882 2573 id
1896 2506 1974 2574 feci.
2018 2504 2104 2574 lude

1119 2620 1236 2676 ortum
1267 2621 1319 2676 est
1342 2608 1447 2676 illud:
1475 2607 1546 2675 Odi
1566 2630 1762 2674 memorem
1782 2607 2102 2700 compotoremffl).

1218 2727 1296 2800 Vss.
1314 2724 1541 2801 484-486.
1594 2725 1677 2797 Non
1692 2725 1774 2795 bibe
1789 2726 1914 2795 vinum
1936 2725 2106 2795 immodi-

1118 2855 1176 2914 ce,
1210 2835 1272 2904 sed
1298 2835 1438 2916 secede,
1473 2833 1683 2925 priusquam
1706 2834 1769 2903 fias
1802 2830 1939 2918 ebrius,
1979 2860 2045 2905 nec
2071 2846 2105 2906 te
2202 2860 2228 2930 J:

1117 2949 1220 3024 cogat
1241 2949 1383 3020 venter,
1409 2936 1499 3007 sicut
1529 2937 1661 3004 malum
1690 2961 1832 3005 servum
1859 2938 1988 3007 diurna
2013 2963 2106 3009 mer·
2202 2948 2215 2961 ”

1118 3040 1201 3106 cede
1224 3041 1470 3129 conductum]
1524 3038 1601 3106 Hoc
1633 3051 1685 3106 est
1708 3035 1906 3129 physicum.
1958 3026 2124 3132 Appeti·l

1118 3141 1168 3210 tio
1196 3156 1302 3235 potus
1330 3146 1491 3211 oriturne
1515 3139 1701 3208 aventre?
1728 3142 1826 3210 cuius
1845 3143 1957 3233 partis
1977 3144 2105 3212 vitium

1117 3257 1169 3315 est
1194 3243 1423 3314 immediate?
1490 3244 1603 3313 Gulae
1636 3243 1692 3310 vel
1725 3256 1846 3332 gustus
1883 3245 2011 3314 vitium
2043 3259 2107 3333 est,

1117 3373 1193 3417 non
1216 3362 1268 3419 est
1281 3373 1439 3419 excessus
1461 3346 1660 3417 ventriculi.
1711 3344 1838 3415 Fames
1861 3360 1896 3415 et
1917 3348 1993 3416 sitis
2017 3338 2109 3419 findi

1117 3452 1178 3521 sic.
1232 3452 1387 3544 Quando
1405 3475 1516 3519 venae
1532 3445 1741 3532 hauserunt,
1770 3449 1938 3541 quicquid
1957 3450 2024 3518 fuit
2039 3422 2122 3520 nul-5⁸

1117 3555 1279 3624 trimenti
1303 3556 1340 3623 in
1365 3554 1584 3634 ventriculo,
1613 3552 1829 3620 ventriculus
1856 3552 1973 3620 inanis
1997 3552 2104 3621 sentit

1118 3659 1218 3726 illam
1247 3659 1459 3726 inanitatem
1484 3658 1523 3724 in
1551 3654 1708 3737 orificio,
1734 3653 1841 3723 sentit
1864 3652 1971 3720 etiam
1994 3654 2105 3724 desic-

1119 3762 1316 3845 cationem,
1344 3773 1379 3829 et
1396 3760 1532 3851 appetit
1557 3782 1679 3827 rursus
1707 3769 1741 3824 et
1759 3757 1876 3823 cibum
1901 3769 1935 3824 et
1957 3754 2105 3845 rigatio·

1118 3889 1212 3934 uem.
1275 3860 1432 3955 uernae)
1467 3880 1562 3936 uene
1596 3881 1674 3934 uon
1706 3880 1744 3950 6¹¹
1776 3858 1840 3931 otei
1867 3855 2007 3949 getulico
2033 3860 2104 3950 bot,
2199 3928 2202 3933 .

1118 3967 1307 4037 irritantur
1328 3970 1446 4037 fauces
1473 3963 1642 4033 balitibus
1667 3960 2031 4053 praeternaturalibus
2049 3959 2105 4028 vel

1119 4071 1235 4141 crudis
1262 4072 1380 4141 rebus.
1432 4066 1591 4160 Datami)
1615 4066 1740 4158 gebel&

1221 4211 1223 4214 >
1256 4191 1314 4249 ouo
1331 4186 1396 4250 plus
1414 4185 1480 4232 sunt
1496 4184 1595 4248 potae,
1613 4184 1676 4247 ptus
1694 4180 1825 4231 sitiuntur·
1844 4190 1932 4245 equae
1941 4175 1989 4247 θ1).

1233 4271 1284 4342 lta
1305 4274 1344 4340 fit
1363 4273 1401 4337 in
1424 4268 1613 4347 ebrietate,
1648 4266 1733 4358 quia
1755 4265 1808 4331 illi
1828 4260 1961 4334 halitus
1985 4289 2119 4369 ascen-q

1117 4380 1226 4459 dunt,
1254 4388 1289 4444 et
1303 4371 1447 4441 irritant
1474 4365 1738 4460 oesophagum',
1763 4378 1803 4435 ut
1817 4368 1879 4435 liat
1895 4360 2130 4455 aridior,''ei'l,

1119 4479 1231 4572 magis
1256 4487 1401 4569 appetat
1433 4484 1572 4563 potum.
1632 4469 1699 4537 Hic
1726 4469 1834 4539 sumit
1864 4448 2129 4563 ventriculum?

1118 4580 1351 4675 generalitere
1373 4575 1508 4653 ¹Venter
1525 4586 1558 4642 te
1578 4596 1654 4641 non
1678 4573 1772 4665 cogit
1789 4585 1854 4641 etc.
2053 4580 2056 4585 '
2086 4572 2125 4663 '¹'

1220 4701 1281 4771 Vs.
1301 4698 1388 4771 487.
1439 4695 1512 4763 Aut
1535 4717 1703 4784 praesens
1726 4717 1800 4761 non
1823 4691 1951 4781 bibas]
2007 4658 2121 4781 'er,

1117 4810 1174 4880 int
1200 4806 1298 4891 aleb,
1332 4804 1398 4874 aab
1423 4803 1528 4872 uetbe
1554 4794 1637 4888 sidu
1664 4799 1742 4888 not.
1793 4795 1866 4864 Aut
1889 4794 2020 4875 bibat,¹
2041 4798 2106 4863 aut

1118 4911 1233 4979 abeat.

1110 4234 1114 4241 3

1118 5095 1322 5113 Μ

1090 5190 1094 5215 “
1151 5205 1200 5270 ss)
1218 5204 1406 5256 noterium.
1426 5203 1477 5261 21,
1495 5200 1538 5252 νε.

1152 5310 1201 5367 st)
1218 5309 1258 5357 De
1277 5310 1328 5356 troc
1344 5304 1491 5368 proverbio
1509 5300 1582 5352 conf.
1599 5298 1708 5349 Errant
1726 5297 1813 5359 Adeg.
1831 5295 1893 5344 chtl.
1911 5297 1931 5347 1.
1957 5297 2025 5357 cent.
2041 5292 2099 5344 Vll.

1187 5390 1265 5440 prov.
1283 5380 1304 5425 t.

1107 5481 1156 5546 se)
1180 5479 1263 5532 out.
1282 5479 1358 5528 rut.
1378 5476 1405 5540 1,
1440 5475 1533 5613 ets.8
