4784 6256
895 298 1019 377 Pell..
1052 296 1166 373 Mill..
1200 293 1402 373 scamus
1432 294 1769 375 rmuonoetct

864 494 903 563 e.
953 487 1017 560 ιιι
1072 434 1361 559 νιιιαιίιι
1410 484 1761 563 saoneres

726 624 938 698 §0110th
967 620 1265 684 PROLIXlORb
1292 617 1504 684 PHILIPPI
1530 614 1893 680 MELaNTHOle.
2025 713 2027 717 A

385 815 466 874 llaec
487 808 596 869 scholia
617 829 675 868 non
697 810 869 872 hlelauthon
889 813 973 891 ipse,
994 811 1049 871 sed
1069 807 1196 870 lmnnes
1216 809 1336 868 Gastins
1356 807 1537 868 Br‘naeemis
1558 806 1652 867 edidit
1674 805 1852 866 etGedeoui
1866 806 1903 864 ab
1917 804 2190 888 Ostbcimfidicarit.
2235 815 2332 877 italas

301 900 443 980 epistolae
470 896 722 973 nuncupatoriae,
740 895 873 957 Basileae
901 895 957 958 25.
978 898 1099 974 Augusti
1122 890 1216 956 15⁴⁴.
1238 892 1383 971 scriptae,
1409 892 1584 971 principium
1614 891 1686 953 lul.
1712 888 1823 948 afferre
1851 891 1951 966 iurat,
1983 894 2105 974 exllquo
2127 897 2223 958 lector
2243 899 2332 961 huin.

299 978 465 1064 prolixioris
484 980 684 1040 commentarii
706 982 846 1059 originem
870 993 1037 1059 cognoscat:

314 1175 317 1179 Ι
427 1089 545 1158 Nobili
565 1113 607 1156 uo
626 1115 813 1175 generosae
834 1097 957 1160 indolis
977 1095 1198 1173 adolescenti,
1226 1089 1374 1157 Gedms'
1400 1086 1444 1153 ut
1467 1087 1636 1165 ostias,
1665 1092 1853 1172 pincernae
1880 1088 2115 1158 baereditas-io
2136 1106 2199 1163 etc.
2228 1097 2332 1164 Isaa-

469 1199 528 1241 nes
551 1173 687 1243 (iustius
709 1176 927 1246 Brisacesssis
949 1178 985 1245 S.
1004 1172 1051 1246 Π.

385 1299 500 1359 Obtulit
522 1299 638 1377 quidam
658 1319 716 1358 non
738 1302 914 1381 inelegantis
935 1300 1045 1380 ingenii
1071 1300 1259 1375 adolescens,
1287 1297 1493 1359 Warthemero
1515 1296 1699 1375 typographo
1720 1315 1779 1355 non
1800 1296 1982 1378 indiligenti,
2002 1299 2040 1360 D.
2062 1298 2191 1380 Philippi
2211 1303 2331 1363 hlelan-

303 1386 416 1457 thonis,
439 1384 511 1455 riri,
531 1395 564 1442 ut
585 1382 658 1442 nihil
678 1385 759 1443 aliud
780 1386 891 1464 dicam,
917 1388 946 1445 in
970 1382 1186 1464 disciplinarum
1208 1401 1337 1462 genere,
1366 1382 1525 1459 praecipue
1553 1392 1652 1440 autem
1678 1383 1709 1438 in
1739 1382 1832 1440 veteri
1860 1382 2024 1462 theologia,
2051 1387 2270 1462 exer-citissimi,
2298 1391 2329 1448 in

301 1472 389 1531 libros
416 1470 525 1546 Georg.
546 1467 639 1547 Verg.
667 1468 801 1547 Scholia,
833 1487 910 1550 quae
937 1490 975 1530 ex
1003 1471 1082 1529 illius
1108 1486 1177 1544 ore,
1209 1486 1266 1546 qna
1293 1466 1387 1547 potuit
1416 1465 1585 1543 diligentia,
1612 1467 1753 1543 {excapin
1783 1466 1891 1544 rbgans
1922 1480 1954 1527 ut
1976 1468 2025 1546 id,
2055 1470 2260 1552 qualecunque
2281 1473 2331 1550 sit,

302 1555 388 1634 prelo
415 1553 615 1623 subiiceretur.
675 1554 778 1614 Noluit
800 1558 878 1615 enim
908 1572 962 1634 co,
996 1555 1068 1613 licet
1092 1551 1220 1613 nondum
1249 1552 1398 1626 absoluta,
1434 1560 1466 1610 et
1493 1559 1606 1609 temere
1636 1561 1791 1630 congesta,
1818 1568 1901 1610 more
1929 1553 2112 1630 quorundam
2139 1557 2331 1635 abscondere,

304 1641 435 1717 aliosque
456 1636 512 1695 hoc
532 1638 675 1697 litterario
697 1639 832 1699 thesauro
854 1640 1051 1714 defraudare,
1078 1637 1127 1696 vel
1147 1654 1181 1698 se
1202 1639 1316 1716 ipsum,
1348 1637 1372 1695 si
1394 1633 1512 1713 publice
1533 1635 1604 1712 quid
1626 1635 1858 1713 praelegendum
1880 1647 1976 1711 esset,
2003 1639 2112 1716 plumis
2131 1641 2237 1700 alienis
2257 1661 2330 1701 con-

306 1725 426 1785 vestire.
468 1722 592 1782 &edidi
613 1722 739 1782 hominis
758 1726 910 1804 proprium
931 1742 997 1785 esse
1019 1723 1149 1799 dicebat,
1169 1723 1267 1781 multis
1287 1740 1339 1781 sua
1360 1720 1503 1780 industria
1525 1720 1685 1797 prodesse,
1714 1731 1746 1779 ct
1767 1738 1844 1798 quae
1865 1720 1914 1780 rel
1936 1723 2065 1802 aliquam
2088 1725 2244 1784 utilitatem
2265 1738 2331 1786 stu-

306 1809 392 1869 diosis
414 1808 552 1866 bonarum
574 1806 738 1866 litterarum
758 1809 878 1870 adferre
905 1821 1041 1888 possent,
1069 1825 1128 1865 non
1150 1807 1351 1887 supprimere,
1379 1820 1476 1882 neque
1497 1802 1621 1862 aliorum
1649 1804 1729 1863 laudi
1749 1804 1902 1882 invidere,
1928 1807 1982 1866 sed
2010 1807 2144 1866 omnihus
2166 1809 2331 1871 liberaliter

307 1891 528 1953 communicare.
577 1890 617 1949 Et
645 1892 733 1970 plane
755 1893 869 1952 confido
897 1905 1047 1969 autorem,
1075 1892 1155 1950 cuius
1181 1890 1292 1969 ingenii
1313 1889 1469 1950 candorem
1498 1905 1584 1948 nemo
1607 1907 1665 1948 non
1695 1890 1795 1961 novit,
1827 1891 1896 1948 boni
1921 1890 2047 1950 studium
2068 1902 2197 1950 nostrum
2219 1893 2274 1951 bac
2297 1896 2331 1951 in

308 1975 439 2036 editione
461 1975 635 2052 consulere,
666 1994 755 2057 quum
777 1979 917 2038 malitioso
939 1976 1011 2037 nihil
1034 1978 1081 2036 hic
1103 1977 1140 2034 sit
1162 1986 1259 2035 actum
1282 1975 1387 2037 animo.
1440 1972 1605 2033 Adieeimus
1632 1975 1685 2050 iis,
1714 1992 1789 2053 quae
1811 1974 1929 2051 (lmus,
1954 1973 2172 2035 homoinem
2193 1975 2329 2036 doctissi-

309 2079 371 2120 mas
391 2061 592 2119 annotationes
613 2061 643 2119 iu
672 2062 791 2121 eosdem
812 2064 1023 2142 Georgicorum
1052 2062 1158 2135 libros,
1186 2061 1242 2118 iam
1271 2060 1369 2119 denuo
1391 2059 1584 2136 locupletatas
1611 2077 1645 2118 ac
1673 2061 1902 2135 emendatiores,
1931 2067 1965 2140 et
1984 2058 2123 2119 nonnulla
2143 2061 2220 2134 alia,
2249 2077 2331 2139 quae

311 2146 406 2204 omnin
426 2145 494 2204 iusti
514 2148 715 2206 commentarii
733 2143 797 2207 loco
818 2166 884 2208 esse
905 2160 1026 2226 possunt
1047 2157 1105 2206 etr.

395 2261 440 2319 Er
462 2260 573 2320 duabus
593 2261 775 2322 Editionibus
801 2263 903 2323 horum
924 2263 1098 2324 scholiorum
1119 2277 1208 2340 supra
1227 2279 1258 2339 p.
1270 2256 1338 2321 att
1350 2282 1395 2341 sq.
1415 2262 1585 2341 descriptis,
1615 2282 1736 2343 quarum
1758 2267 1852 2326 altera
1877 2259 2033 2326 Basileus
2055 2283 2082 2326 a.
2104 2260 2215 2343 tata,
2236 2265 2337 2327 altera

279 2388 282 2394 ·
311 2341 456 2406 Parisiis
475 2363 503 2406 a.
528 2342 622 2410 1648.
641 2349 765 2426 prodiit,
786 2349 877 2409 wlam
899 2351 1027 2429 priorem
1048 2348 1079 2407 in
1097 2345 1231 2406 manibus
1253 2345 1358 2406 habco.

340 2741 579 2817 Praelatio
602 2738 812 2834 Philippi
835 2733 1152 2810 Melanthonis
1186 2735 1232 2805 in
1258 2736 1404 2809 libros
1427 2736 1764 2831 Georgicorum
1790 2741 2051 2836 P.'Virgilii
2078 2743 2301 2817 Maronis.

412 2913 724 3008 Quemadmodum
747 2911 786 2979 in
807 2910 939 2981 Ouidio
970 2906 1182 3000 exponendo
1211 2902 1293 2974 feci·
1345 2910 1575 3001 experiuntur
1596 2910 1641 2994 ii,
1668 2913 1730 3007 qui
1752 2937 1788 2984 sc
1807 2927 1980 2985 exercent.
2031 2913 2196 2984 Secundo
2221 2908 2338 2985 huius

310 3042 409 3100 mus,
439 3015 490 3084 ita
515 3012 574 3085 hic
597 3015 705 3085 ctiam
729 3013 772 3083 de
795 3014 864 3082 line
882 3024 918 3082 et
932 3010 1084 3082 utilitate
1099 3006 1219 3100 operis
1236 3029 1294 3076 co·
1345 3013 1464 3104 operis
1483 3013 1654 3086 utilitates
1675 3015 1868 3106 peculiares
1893 3028 1995 3098 sunt,
2039 3039 2132 3110 quae
2154 3039 2197 3085 ex
2222 3038 2336 3105 argu-

311 3117 496 3212 gitendum
527 3127 591 3186 est.
652 3113 718 3183 Illa
748 3138 832 3205 crgo
861 3115 995 3184 utilitas
1024 3109 1200 3204 generalis
1230 3119 1294 3192 est,
1346 3127 1467 3183 mento
1492 3115 1717 3207 colliguntur.
1767 3113 1808 3185 ln
1832 3117 1949 3208 primo
1973 3118 2065 3187 libro
2081 3141 2195 3207 pauca
2221 3138 2335 3210 quae·

312 3239 406 3312 quae
439 3216 485 3286 ad
518 3238 627 3308 genus
659 3214 784 3284 Latini
825 3215 1000 3286 sermonis
1042 3212 1215 3305 pertinet,
1257 3212 1295 3278 in
1346 3219 1430 3287 tlam
1445 3229 1481 3286 et
1495 3217 1599 3288 arilia
1614 3231 1802 3311 praecepta
1817 3220 1984 3288 traditde
2001 3219 2233 3311 agricultura.
2265 3216 2333 3288 His

313 3341 386 3415 quo
396 3318 640 3409 comparando
653 3317 805 3387 multum
821 3340 950 3411 operae
967 3315 1215 3385 collocandum
1232 3322 1294 3382 est.
1347 3331 1429 3388 sunt
1451 3320 1569 3389 addita
1595 3324 1772 3414 quaedam
1796 3317 1939 3415 physica
1964 3335 1999 3391 et
2021 3320 2262 3392 astronomica
2285 3322 2333 3390 de

313 3422 498 3516 Quantum
517 3417 614 3490 enim
629 3418 750 3504 studii,
766 3432 1012 3514 quantumque
1030 3414 1164 3486 laboris
1180 3437 1222 3482 ea
1239 3435 1295 3484 res
1348 3419 1487 3515 ortibus
1506 3434 1544 3492 ct
1569 3423 1753 3497 occasibus
1772 3424 1970 3496 stellarum.
2029 3425 2151 3517 Quare
2174 3422 2330 3494 multum

312 3520 488 3618 pontiti,
527 3535 568 3595 ut
589 3524 647 3595 tel
670 3523 852 3594 mediocri
876 3523 1059 3617 quoddam
1087 3518 1144 3586 th
1165 3514 1295 3585 tolm·
1347 3523 1453 3592 etiam
1464 3523 2330 3616 ‘oderitvobishicliberaddoctrinamortuum

312 3628 383 3699 bile
403 3627 543 3698 dicendi
571 3652 682 3720 genus
711 3648 991 3720 consequamur,
1028 3619 1131 3690 facile
1165 3616 1296 3688 intelli·
1347 3632 1608 3710 etoccasuum,
1630 3640 1667 3696 et·
1687 3631 1734 3697 rd
1754 3625 2105 3722 physicasquasdam
2120 3626 2331 3719 disputatio-

312 3744 401 3825 gunt
420 3731 557 3826 ii‚-·qui
575 3730 615 3802 in
637 3727 708 3804 hoc
730 3729 849 3800 studio
873 3737 1072 3799 versantur.
1129 3719 1224 3795 Nam
1248 3721 1296 3789 ad
1347 3751 1420 3799 nes.
1462 3720 1671 3799 insecundo
1687 3728 2209 3823 tradithortensiapraecepta‚
2233 3749 2331 3820 quae

313 3835 412 3905 illam
443 3846 599 3904 veterem
636 3847 671 3904 et
708 3830 933 3923 splendidam
970 3822 1212 3922 eloquentiam
1240 3817 1296 3894 his
1347 3825 1514 3901 nonnihil
1536 3825 1670 3902 habent
1689 3833 1927 3918 difficultatis,
1957 3845 1994 3904 et
2016 3856 2042 3903 a·
2062 3831 2162 3905 nobis
2179 3827 2331 3920 diligen-

315 3935 554 4026 temporihus‚
592 3930 647 4004 his
671 3933 797 4004 studiis
823 3930 1011 4024 pervenire
1035 3950 1142 3998 nemo
1166 3936 1294 4017 potest.
1347 3931 1417 4002 tius
1440 3932 1720 4024 explicabuntur,
1779 3934 1843 4006 Est
1864 3949 1982 4007 autem
2002 3961 2077 4006 non
2099 3934 2224 4026 exigua
2245 3954 2333 4022 pars

315 4035 385 4107 Sed
407 4047 528 4104 tamen
544 4033 633 4103 illud
655 4035 792 4127 ipsum,
816 4036 914 4130 quod
938 4035 1073 4103 efficere
1096 4051 1295 4120 possumus,
1348 4035 1559 4105 eruditionis
1582 4049 1702 4106 tenere
1727 4040 2014 4109 nomenclaturae
2038 4062 2172 4108 rerum.
2229 4030 2273 4103 ln
2294 4033 2331 4105 3.

313 4133 423 4207 babet
438 4135 598 4233 prolecto
613 4134 651 4205 in
673 4136 833 4231 quolibet
853 4159 981 4229 genere
999 4131 1201 4206 studiorum
1217 4129 1296 4199 iab-
1346 4138 1391 4206 de
1411 4137 1507 4207 cultu
1534 4162 1702 4230 pecorum
1732 4141 1866 4211 scribit.
1931 4138 2043 4224 1114„
2077 4138 2140 4233 qui
2163 4135 2331 4228 inprimis

313 4237 428 4308 mitem
445 4234 646 4310 utilitatem.
697 4237 889 4323 Mediocris
902 4238 1030 4333 aliquis
1043 4233 1295 4329 grammaticus
1347 4239 1486 4331 elegans
1506 4253 1575 4324 est,
1602 4254 1637 4309 et
1654 4241 1707 4310 vel
1723 4240 1875 4311 maxime
1897 4241 1968 4312 vim
1988 4257 2024 4313 ct
2044 4240 2251 4313 felicitatem
2275 4237 2332 4306 in·

316 4362 484 4431 magnum
499 4340 573 4409 iam
588 4337 696 4412 habet
718 4342 853 4413 aditum
877 4341 922 4410 ad
937 4339 1111 4435 quaslibet
1125 4348 1232 4419 artes,
1253 4357 1295 4402 ex
1345 4342 1442 4432 genii
1464 4337 1569 4413 huius
1594 4343 1728 4412 autoris
1754 4344 1929 4429 ostendit,
1955 4357 2195 4439 campartem
2216 4340 2331 4411 cultu.

317 4442 444 4536 quibus
459 4441 490 4538 ¹)
516 4444 562 4513 ad
585 4468 833 4540 quamcunque
849 4468 885 4515 se
900 4443 1128 4536 applicuerit,
1161 4434 1294 4507 minori
1344 4466 1406 4511 rae
1424 4443 1689 4534 complectitur,
1727 4469 1818 4536 quae
1844 4449 1891 4516 ad
1914 4472 1999 4539 apes
2014 4446 2181 4541 pertinet.
2232 4440 2333 4513 Inse-

315 4545 460 4637 negotio
473 4543 512 4615 iu
528 4567 568 4615 ea
583 4543 634 4639 1·)
649 4548 861 4618 versabitur.
911 4544 1029 4639 Atque
1047 4533 1291 4614 obbaucrcm
1344 4557 1473 4616 rantur
1494 4544 1601 4615 ctiam
1625 4544 1730 4643 mglti
1750 4546 1822 4615 loci
1843 4557 2073 4635 communes',
2096 4570 2253 4645 quorum
2268 4569 2332 4614 co-

315 4647 537 4740 potissimum
558 4646 616 4716 isti
640 4661 801 4732 autores,
828 4648 994 4742 quisunt
1016 4647 1053 4714 in
1072 4640 1202 4712 Latina
1225 4639 1293 4706 lin·
1343 4647 1455 4736 guisio
1472 4647 1624 4716 multum
1639 4640 1748 4717 h‘a'bet
1762 4649 1936 4722 utilitatis,
2352 4661 2354 4665 ·

315 4774 382 4841 gua
399 4748 599 4842 praecipui,
625 4749 662 4818 in
686 4747 815 4821 scholis
830 4761 1102 4841 proponuntur,
1128 4740 1291 4810 videlicet

315 4865 462 4943 propter
476 4854 764 4941 grammaticam,
790 4866 831 4922 ut
841 4852 998 4945 aliquam
1022 4841 1289 4918 similitudinem

315 4974 576 5046 consequamur
592 4955 764 5024 orationis
778 4956 914 5035 bonae,
940 4976 985 5019 nc
1002 4949 1047 5020 sit
1063 4956 1185 5018 nostra
1210 4966 1288 5012 ora-

314 5056 364 5124 tio
380 5056 541 5146 impura,
566 5056 729 5125 mutilata
752 5068 817 5125 etc.
867 5053 1006 5122 Deinde
1029 5050 1088 5118 illa
1112 5047 1188 5139 ipsa
1205 5045 1290 5154 dili·
1303 5044 1317 5169 ἑ
1416 5049 1515 5125 Nihil
1528 5079 1652 5124 moror
1667 5056 1763 5125 illam
1777 5057 1947 5141 fabulam,
1966 5081 2035 5151 qua
2044 5055 2231 5147 Virgilium
2242 5077 2332 5123 curn

314 5157 430 5248 geutia
449 5157 487 5225 in
501 5159 688 5228 scribendo
704 5169 739 5225 et
753 5155 902 5245 legendo
922 5151 1107 5224 assuefacit
1128 5149 1289 5219 animum
1314 5172 1317 5229 t
1341 5153 1520 5240 Homero,
1538 5157 1695 5228 Hesiodo
1711 5171 1745 5226 et
1760 5156 1954 5229 Theocrito
1971 5161 2176 5239 conferunt,
2200 5168 2235 5224 et
2251 5155 2332 5225 Ho-

314 5260 360 5328 ad
389 5258 591 5351 diligentius
624 5257 875 5340 iudicandum,
915 5257 1012 5349 quod
1048 5254 1153 5324 etiam
1188 5249 1290 5320 facile
1314 5232 1318 5339 ἶ
1342 5279 1441 5326 mero
1457 5283 1593 5349 parem,
1606 5259 1765 5331 Hesiodo
1780 5261 2014 5351 superiorem,
2031 5257 2226 5330 Theocrito
2237 5257 2332 5328 infe-

341 5384 516 5396 ⁴——
1106 5379 1112 5389 ·
1315 5344 1473 5428 'riorem
1492 5362 1636 5431 faciunt.
1686 5361 1765 5430 Scio
1781 5362 1962 5432 Aeneidem
1976 5362 2119 5454 Virgilii
2142 5363 2330 5457 quandam

315 5385 377 5487 -n
397 5427 562 5490 exquibus]
582 5419 911 5484 slcscrlpsl31ld.lbtt.
933 5421 1038 5483 quihus.
1474 5459 1482 5475 ,
1598 5463 1608 5478 ,
1650 5464 1658 5480 ,
1716 5462 1725 5480 ,
2179 5465 2187 5480 ‚

348 5493 389 5560 ιι)
408 5492 454 5559 ec]
474 5496 522 5548 ru.
537 5494 612 5544 rost.
630 5501 673 5540 eo.
1341 5483 1414 5530 esse
1442 5458 1572 5531 llrados
1597 5475 1854 5547 imitationem,
1888 5489 2108 5560 quamquam
2141 5477 2251 5535 ettam
2285 5487 2332 5533 ex

1343 4814 1593 4887 Collatio
1644 4814 1890 4907 Virgilii
1937 4846 2045 4890 cum
2093 4816 2331 4890 Graccis

1678 4921 1986 4992 autoribus.
