4778 6240
171 275 249 361 445
431 285 434 290 ’
674 272 861 346 LXXXIX.
913 270 1200 346 ENARRATIO
1227 271 1478 347 AENEIDOS
1509 271 1717 348 VlRGlLll.
2137 284 2214 362 446

173 451 331 528 Cretae'
322 450 496 543 insignis.
574 447 635 518 Vs.
653 449 736 522 121.
769 448 980 518 Famaoolat
996 442 1082 542 etc.]
1103 443 1199 515 Oc··
1195 468 1308 534 puer
1323 441 1409 541 etc.]
1438 442 1711 546 aspaoootoyta.
1828 446 1890 519 Vs.
1906 447 1996 521 841.
2019 455 2134 546 Ecqua
2155 468 2214 526 ta-

174 559 358 630 casionem
380 563 539 623 recenset
562 551 722 619 vacantis
745 573 847 640 regni
837 549 1013 632 Cretici,
1049 548 1173 619 verisi-
1196 539 1320 642 men]
1355 546 1542 618 Muliebris
1557 572 1654 619 cura
1776 547 1837 620 Vs.
1861 550 1948 623 847.
1990 557 2216 650 Aqnoecitque

175 661 355 732 miliorem
372 656 618 724 narrationem
635 655 801 722 reddens
894 650 956 722 Vs.
977 650 1060 721 136.
1084 655 1173 724 000-
1223 645 1405 745 5005015]
1433 647 1589 720 Helenus
1615 650 1828 721 Troianos
1819 679 1857 721 m
1881 650 2078 745 hospitium
2106 659 2215 730 ducit.

175 767 291 836 naim
306 753 393 854 etc.]
416 753 649 850 Periphrases
664 756 837 847 poeticae
902 752 981 825 755.
999 752 1074 824 187
1088 780 1167 848 sqq
1224 751 1286 821 Vs.
1300 748 1375 822 858
1393 777 1472 846 sqq.
1498 756 1566 824 aa
1590 764 1698 824 vatem
1723 749 1809 849 etc.]
1836 757 1892 826 Ab
1914 756 2053 825 Heleno
2074 758 2215 832 Aeneas

176 855 605 955 uttroaumtaptdaetc]
622 857 950 949 Pestisdescriptio.
1010 854 1168 927 75141.
1225 848 1315 945 petit
1340 855 1540 925 consilium.
1668 856 1729 929 Vs.
1753 857 1839 930 866.
1875 863 2074 950 Prodipium
2102 858 2216 960 canit]

175 980 248 1040 tum
271 968 404 1037 steriles
427 960 510 1060 etc.]
547 961 791 1032 Pestilentiam
822 959 1024 1053 insequitur
1049 961 1173 1030 fames.
1224 956 1435 1047 Prodigium
1454 959 1491 1026 in
1515 960 1648 1028 malam
1664 974 1803 1052 partem
1819 965 1984 1032 sumitur.
2049 961 2110 1034 Vs.
2127 965 2215 1037 871.

175 1070 256 1140 755.
276 1067 348 1138 143
365 1094 417 1160 sq.
452 1071 588 1138 Rursus
617 1068 662 1135 ud
685 1065 858 1134 oraculum
882 1063 964 1152 etc.]
1005 1061 1173 1150 Apolline
1225 1063 1366 1131 Sacrati
1385 1056 1528 1157 capitis]
1555 1063 1676 1133 Sacra.
1741 1062 1801 1136 Vs.
1818 1064 1905 1136 374.
1933 1070 2023 1136 Nate
2037 1070 2114 1135 Dea
2127 1063 2215 1163 etc.]

179 1172 276 1242 enim
296 1172 411 1252 irato,
436 1169 544 1259 pestis
560 1168 771 1235 credebatur
788 1189 874 1234 esse.
920 1164 981 1233 Vs.
994 1162 1078 1234 147.
1091 1170 1175 1236 Noa·
1225 1161 1381 1231 Helenus
1399 1179 1611 1252 praemonet
1620 1165 1777 1235 Aeneam
1794 1171 1838 1237 de
1852 1168 2031 1239 omuibus.
2056 1167 2216 1242 75879.

179 1275 345 1365 cratete]
364 1274 396 1339 A
410 1270 582 1362 temporis
595 1268 845 1358 descriptione.
906 1266 967 1336 Vs.
978 1263 1063 1337 154.
1083 1271 1175 1352 Quod
1226 1268 1418 1353 saputem
1432 1263 1627 1365 dietisetc.]
1643 1269 1693 1337 Ut
1707 1272 1925 1341 connubium
1935 1271 2101 1353 Didonis,
2124 1285 2216 1341 tern-

178 1381 244 1449 tibi
260 1372 346 1473 etc]
374 1375 527 1442 Penates
543 1376 694 1442 edocent
711 1369 897 1438 insomnis
912 1371 1071 1438 Aeneam
1075 1395 1173 1463 ,quo
1225 1380 1398 1458 pestatem
1425 1369 1462 1436 iu
1488 1371 1583 1438 mari
1598 1372 1739 1455 Siculo
1767 1374 1881 1465 patris
1902 1387 2056 1443 mortem
2080 1385 2115 1441 et
2131 1376 2213 1447 alia

182 1480 319 1548 tendat.
369 1476 431 1548 Vs.
441 1478 526 1547 163.
541 1465 957 1566 Estloeuaetc.].Aloco
1009 1470 1070 1542 Vs.
1089 1472 1174 1543 168.
1225 1468 1285 1538 Vs.
1304 1468 1392 1543 892.
1425 1473 1600 1544 Attasoto
1621 1469 1706 1571 etc.]
1733 1473 1846 1545 Albae
1870 1479 1985 1567 origo.
2043 1475 2213 1550 75896.

181 1586 359 1675 Iasiusque
373 1575 492 1697 pater]
519 1579 648 1646 Frater
663 1574 846 1655 Dardani
865 1598 971 1666 quem
983 1598 1063 1643 cum
1083 1575 1175 1643 occi·
1225 1576 1300 1642 Has
1314 1583 1424 1643 autem
1448 1585 1562 1646 terras
1577 1572 1663 1673 etc]
1691 1576 1807 1649 Docet
1824 1577 1949 1647 ltaliae
1970 1590 2111 1669 partem
2135 1603 2216 1648 ver-

184 1685 314 1766 disset,
340 1684 496 1772 primum
521 1682 559 1748 iu
580 1680 736 1758 Cretam,
759 1676 888 1744 deinde
909 1678 954 1744 ad
976 1673 1172 1769 Phrygiam
1227 1675 1489 1745 susGraeciam
1513 1679 1711 1749 vitandam.
1825 1681 1887 1751 Vs.
1906 1680 1993 1752 408.
2021 1684 2130 1766 Quin,
2157 1685 2216 1753 ubi

184 1784 361 1879 pervenit.
415 1774 1175 1875 7517951001050010050000100]0100005
1224 1783 1449 1849 trammmae
1463 1775 1549 1876 etc]
1574 1781 1768 1872 Peregrina
1786 1806 1899 1852 sacra.
1940 1784 2103 1853 Sacravrt
2118 1809 2215 1853 emm

181 1888 280 1981 patri
296 1911 368 1955 visa
382 1899 518 1954 narrat
608 1882 669 1954 Vs.
688 1885 773 1956 182.
802 1887 889 1952 Tum
908 1894 1070 1953 memorat
1087 1880 1173 1981 etc]
1225 1881 1601 1971 Aeneaspatrioritu.
1678 1882 1739 1954 Vs.
1756 1883 1843 1956 415.
1873 1882 2215 1982 Tantumaevietc.]

181 1989 285 2059 lubet
297 1986 436 2056 ltaliam
450 2001 583 2080 petere.
654 1985 715 2058 Vs.
728 1985 812 2055 191.
830 2011 912 2056 0000
928 1981 1046 2087 trade]
1065 1985 1176 2056 Navis
1227 1977 1460 2079 iurqoirquu.
1589 1985 1651 2058 75.
1675 1985 1762 2061 420.
1787 1995 1963 2061 Destrum
1985 1991 2106 2079 Scylla
2129 1984 2217 2086 etc.]
2264 2014 2267 2019 ·

184 2087 454 2187 περίφρασις.
526 2089 588 2160 75.
607 2088 692 2160 194.
723 2094 809 2158 tum
830 2085 936 2185 mitt]
966 2089 1175 2180 Tempesta-
1226 2085 1389 2155 Monstra
1408 2087 1560 2176 explicat
1573 2091 1710 2184 Scyllae
1727 2106 1762 2160 et
1777 2090 1989 2185 Charybdis
2050 2089 2111 2161 Vs.
2127 2088 2215 2164 424.

186 2194 231 2264 trs
245 2195 449 2285 descriptio.
551 2191 612 2262 Vs.
628 2193 715 2267 209.
742 2217 788 2261 er
804 2196 906 2261 undis
921 2187 1173 2289 Strophadum]
1226 2190 1562 2278 AtScyllumcaeeis
1577 2187 1662 2289 etc.]
1690 2193 1866 2266 Fortassis
1888 2195 2015 2264 alludit
2036 2195 2082 2261 ad
2104 2190 2216 2264 histo-

185 2294 228 2366 10
244 2294 466 2387 Strophadas
480 2296 656 2386 pervenit.
748 2294 910 2367 75212.
936 2298 1177 2389 Harpyiaeque
1227 2295 1340 2373 riam,
1364 2317 1432 2384 qua
1456 2293 1624 2365 scribitur
1642 2297 1758 2389 Scylla
1782 2298 1933 2389 piratica
1960 2297 2079 2367 classis
2097 2298 2217 2381 luisse,

184 2395 408 2494 0070010101
439 2397 574 2467 Fabula
601 2395 856 2488 Harpyiarum.
1001 2395 1062 2466 Vs.
1088 2395 1175 2468 216.
1228 2417 1319 2486 quae
1335 2393 1381 2462 sit
1397 2394 1562 2464 insidiata
1579 2399 1732 2469 navibus
1747 2396 1942 2492 hospitum.
2052 2396 2219 2470 75.·444.

190 2502 531 2592 Vtrqineivaluerum
543 2499 866 2592 uultuleonsensu
882 2499 1095 2587 scriptorum
1113 2523 1177 2566 vo·
1221 2491 1399 2590 foliisque]
1433 2496 1534 2564 Folia
1557 2500 1724 2592 Sibyllae.
1840 2502 1902 2573 Vs.
1921 2493 2008 2572 445.
2042 2496 2220 2598 earmina]

182 2606 266 2674 lunt
283 2616 409 2693 poetae
429 2626 495 2692 per
512 2602 690 2694 Harpyias
708 2601 819 2669 furias
833 2600 1032 2689 significare
1049 2601 1105 2669 vel
1126 2600 1177 2669 la·
1226 2596 1405 2667 Vaticiuia
1459 2602 1617 2669 carmine
1670 2600 1817 2672 heroico
1877 2605 2219 2693 complectebantur.

185 2720 330 2783 trones'3
362 2718 413 2775 est
434 2704 528 2772 enim
554 2698 709 2798 ἁρπάζω
730 2703 833 2792 rapio
849 2703 908 2797 15).
1010 2702 1072 2772 Vs.
1087 2705 1197 2777 228·
1226 2701 1287 2770 75.
1306 2699 1392 2771 461.
1427 2705 1521 2772 Haec
1546 2701 1725 2802 suntetc.]
1759 2703 1945 2794 Epilogus.
2048 2704 2109 2774 Vs.
2129 2704 2218 2777 462.

186 2814 231 2880 10
243 2818 377 2898 partem
398 2811 625 2901 praedamque
641 2806 687 2899 ¹⁰)
711 2801 842 2902 Iouem]
868 2805 1057 2875 Dabuntur
1079 2807 1174 2875 enim
1233 2809 1324 2876 Vade
1347 2798 1426 2899 ape]
1464 2804 1643 2875 Hortatio.
1767 2805 1829 2875 Vs.
1855 2803 1941 2877 474.
1969 2809 2073 2891 Quem
2094 2809 2219 2877 Ptaett

184 2909 265 2979 lovi
284 2914 499 3000 praedarum
516 2910 686 2978 decimae.
779 2907 840 2978 Vs.
855 2909 942 2982 281.
968 2913 1178 3009 Instruimus
1228 2902 1314 3004 etc.]
1342 2903 1570 2979 Valedictio.
1659 2907 1720 2977 Vs.
1739 2907 1826 2979 479.
1847 2914 2020 2979 Ausoniae
2037 2904 2219 3033 persillq]

186 3037 321 3083 musas
337 3008 424 3108 etc.]
452 3012 599 3082 Veteres
621 3013 737 3094 enim,
762 3013 902 3104 quoties
927 3013 1177 3100 epulabantur,
1228 3011 1511 3081 Demonstratio.
1622 3010 1684 3081 Vs.
1700 3010 1786 3084 482.
1817 3016 1890 3082 Nec
1908 3018 2023 3083 minus
2038 3007 2124 3107 etc.]
2149 3007 2221 3083 ’πα-

181 3115 348 3183 libabant
364 3116 509 3184 laribus.
612 3112 673 3183 Vs.
691 3114 780 3187 289.
811 3119 872 3186 dat
884 3119 1021 3204 siquam
1036 3139 1086 3203 sp.
1103 3117 1177 3186 Mt
1228 3113 1310 3193 θος.
1415 3109 1476 3183 75.
1492 3113 1578 3185 488.
1605 3121 1686 3186 Fert
1695 3120 1888 3204 picturatas
1903 3108 1989 3210 etc.]
2017 3115 2135 3182 Tanta
2155 3118 2219 3182 do·

186 3216 310 3314 senus]
338 3217 496 3286 Μί50005
512 3215 640 3285 ceciuit
653 3218 850 3289 classicum.
923 3215 1177 3309 7552475001.
1228 3227 1311 3297 nat,
1346 3227 1481 3308 quanta
1511 3212 1727 3287 merebatur.
1845 3217 1907 3286 Vs.
1923 3216 2011 3287 486.
2043 3220 2168 3305 Accipe
2188 3226 2221 3286 et

188 3324 324 3390 Bellum
345 3325 448 3393 etiam
467 3345 530 3409 pro
555 3316 641 3416 etc.]
674 3318 894 3390 Vaticiuium
919 3321 1101 3413 Harpyiae
1124 3319 1177 3387 di·
1228 3320 1311 3388 laec
1325 3313 1410 3413 etc]
1439 3320 1582 3386 Ascanii
1599 3321 1764 3409 dignitas
1874 3319 1936 3389 Vs.
1954 3319 2041 3390 490.
2067 3322 2129 3390 stc
2142 3343 2221 3389 000-

189 3447 270 3492 rum
289 3439 323 3492 et
340 3449 521 3503 amarum
548 3422 777 3513 praedicebat
792 3449 888 3492 emm
906 3425 1052 3492 malam
1069 3436 1178 3504 terra
1228 3416 1621 3516 losetc]Amplilicat10
1638 3446 1704 3513 per
1720 3422 2022 3491 distributionem
2061 3421 2123 3491 Vs.
2134 3421 2222 3493 498.

190 3550 298 3619 quam
315 3552 452 3595 unrme
469 3528 681 3616 expetebant
696 3527 883 3597 Troiam
938 3524 1017 3596 755.
1032 3526 1109 3599 270
1125 3551 1205 3646 sq
1235 3528 1343 3594 Viuite
1380 3520 1517 3621 felices]
1568 3523 1769 3593 Valedictio
1816 3549 1880 3615 per
1929 3525 2221 3614 gratulationem.

190 3653 366 3700 nemorosa
391 3631 583 3719 Zacynthos
608 3624 694 3723 etc]
729 3627 870 3698 lnsulae
894 3642 978 3699 sunt
1011 3628 1122 3698 sub
1112 3654 1178 3695 rm·
1202 3599 1290 3696 Ι75
1314 3621 1400 3696 500.
1441 3630 1641 3723 Siquando
1671 3630 1852 3746 ibyderim
1879 3623 1986 3721 etc.·]
2005 3627 2144 3696 Alludit
2174 3629 2221 3694 ad

189 3734 292 3822 perio
319 3732 465 3823 Ulyssis.
569 3729 629 3803 Vs.
644 3731 732 3802 280.
758 3737 923 3826 Actiaque
949 3734 1069 3803 Iliacis
1093 3725 1178 3826 etc.]
1231 3729 1503 3817 amplitudinem
1518 3730 1713 3800 Romani'
1703 3731 1857 3822 imperii.
1960 3727 2021 3796 Vs.
2037 3725 2124 3800 508.
2159 3729 2223 3799 sot

189 3834 328 3902 Alludit
352 3837 397 3900 ad
425 3834 529 3900 ludos
552 3833 717 3900 Actiacos
743 3832 924 3903 institutos
949 3838 994 3903 ab
1017 3838 1178 3924 Augusto
1229 3826 1321 3926 ruit]
1348 3832 1541 3923 Temporis
1564 3833 1768 3924 descriptio.
1890 3828 2058 3901 75516.
2092 3837 2222 3904 Aretu-

192 3932 364 4017 Caesare,
399 3936 538 4001 devicto
565 3932 726 3999 Antonio
753 3936 798 4001 ad
816 3935 981 4019 Actium,
1004 3939 1042 4006 in
1064 3933 1179 4005 bono.
1230 3959 1308 4006 rum
1331 3931 1417 4031 etc.]
1459 3937 1583 4005 Sidera
1612 3934 1940 4025 septentrionalia,
1970 3959 2062 4027 quae
2086 3946 2218 4002 nautae

189 4059 268 4103 rem
291 4035 481 4126 Apollinis.
585 4033 749 4106 75297.
784 4040 828 4106 Et
846 4044 960 4125 patrio
984 4042 1181 4109 510000050-
1232 4040 1435 4107 observant.
1538 4038 1599 4110 Vs.
1615 4036 1702 4113 522.
1728 4033 1969 4134 humilemque]
1997 4040 2101 4129 Aqua
2124 4035 2220 4105 euim

189 4133 305 4232 elem]
355 4138 410 4206 Ex
452 4135 586 4207 Thebis
626 4134 749 4230 Lydiis
792 4151 870 4207 erat
915 4139 1179 4211 Andromache.
1231 4142 1340 4208 altior
1356 4153 1407 4208 est
1424 4152 1531 4208 terra.
1635 4137 1722 4215 525.
1746 4153 1880 4212 cratera
1896 4136 2039 4236 corona]
2066 4139 2147 4208 Mos
2163 4161 2222 4205 0οο

191 4240 253 4311 Vs.
270 4240 356 4310 801.
384 4243 556 4312 Solemaes
576 4236 777 4336 quumetc.]
805 4241 1031 4310 Observabat
1052 4243 1180 4310 barba·
1232 4241 1543 4330 ronandipocula.
1614 4241 1675 4312 Vs.
1691 4241 1777 4315 529.
1804 4248 1903 4313 Ferte
1918 4248 2009 4312 viam
2022 4255 2118 4313 vento
2134 4233 2221 4336 etc.]

189 4345 983 4415 rorummoremincremandiscadaveribus.
1023 4342 1180 4414 75806.
1230 4344 1365 4412 Votum
1384 4339 1577 4423 Anchisae;
1603 4339 1687 4413 huic
1709 4368 1892 4415 sacrorum
1917 4369 2039 4413 curam
2065 4346 2222 4435 assignat

183 4443 596 4541 sarmatarumque]
624 4447 739 4516 Subiti
755 4462 914 4518 eventus.
1012 4446 1073 4517 Vs.
1092 4448 1179 4517 818.
1230 4444 1420 4535 Virgilius,
1454 4444 1539 4538 quia
1567 4448 1699 4518 senior.
1826 4445 1991 4518 75540.
2034 4450 2224 4518 11011000·-

189 4544 769 4645 100100110100000010.]πάθος.
857 4550 919 4621 Vs.
934 4550 1020 4624 821.
1048 4549 1180 4640 0101ἱο
1231 4559 1371 4620 mantua·
1393 4544 1479 4645 etc.]
1507 4547 1640 4618 Reddit
1660 4550 1852 4621 rationem.
1956 4550 2033 4621 Vss.
2051 4548 2126 4621 548
2142 4575 2221 4643 sqq.

189 4677 261 4722 uua
275 4649 361 4747 etc.]
380 4652 508 4720 Oratio
525 4653 738 4734 affectuosa,
762 4678 869 4745 quam
888 4657 987 4724 ducit
1002 4655 1046 4721 ab
1062 4678 1179 4721 exeni—
1230 4655 1332 4724 Haud
1352 4677 1447 4722 mora
1467 4646 1553 4748 etc.]
1581 4653 1849 4744 Regrediuntur
1869 4651 2022 4720 Troiani
2047 4679 2090 4723 ex
2107 4652 2222 4732 ltalia,

189 4756 273 4845 plo,
300 4755 407 4823 simul
431 4778 551 4823 casum
580 4778 683 4823 suum
710 4756 901 4845 explicans.
1013 4754 1178 4829 75827.
1230 4754 1379 4849 petituri
1413 4753 1563 4823 alterum
1598 4757 1703 4826 latus.
1828 4751 1999 4828 75554.
2035 4759 2223 4828 Trinacria

190 4862 339 4931 Servitia
383 4860 488 4925 enias
531 4850 624 4950 etc.]
689 4853 838 4929 Achillis
883 4860 939 4927 vel
988 4859 1178 4949 Apollinis.
1230 4851 1362 4952 Mna]
1391 4856 1578 4925 Trinacria
1607 4859 1745 4942 Aetna,
1771 4883 1790 4927 a
1814 4860 1927 4929 tribus
1949 4861 2221 4951 promontoriis.

189 4958 251 5032 Vs.
266 4962 352 5035 882.
382 4964 581 5054 patriasque
606 4997 657 5011 -
682 4962 728 5028 ad
751 4957 853 5059 oras]
893 4957 1056 5053 Pyrrhus
1081 4965 1175 5030 enim
1229 4960 1290 5030 75.
1307 4958 1394 5030 560.
1421 4963 1571 5049 Eripite,
1597 4957 1735 5059 orosii]
1762 4957 2012 5044 ὖποτύπωσις.
2066 4963 2115 5033 75
2131 4957 2219 5032 568.

189 5078 328 5157 patrem
344 5085 447 5133 suum
470 5088 536 5154 pro
556 5063 622 5130 deo
640 5062 788 5134 colebat.
898 5062 960 5135 Vs.
974 5062 1062 5140 839.
1091 5068 1180 5150 Quid
1229 5068 1380 5136 Laevum
1401 5075 1520 5137 000010
1535 5059 1621 5161 010]
1652 5065 1848 5148 Describit,
1884 5090 1990 5158 quam
2014 5068 2222 5160 propinqua

1228 5168 1338 5237 luerit
1353 5162 1535 5259 Charybdi
1557 5168 1669 5238 navis.
1772 5165 1833 5238 Vs.
1851 5163 1938 5239 571.
1971 5170 2029 5238 sed
2050 5168 2221 5256 terrifica
2342 5203 2347 5207 ·

226 5257 273 5325 55)
292 5264 424 5315 “Attin
399 5261 534 5330 0050051
533 5264 719 5396 0001501ζο1
704 5265 745 5316 10
761 5265 811 5315 El
814 5267 846 5318 tt
866 5266 955 5331 5555-
974 5267 1068 5331 55551
1091 5267 1179 5322 55555·
1230 5265 1316 5367 etc.]
1349 5268 1550 5360 Descriptio
1568 5271 1717 5340 Aetnae.
1852 5269 1913 5338 Vs.
1935 5265 2021 5340 588
2047 5282 2200 5342 monstra

224 5331 455 5498 1617011315
465 5338 749 5501 'truxque
602 5338 695 5402 mco
613 5439 730 5503 Μ]
732 5439 816 5492 est
751 5337 992 5506 Μῧὲῃὲἕ
983 5439 1178 5506 ·t.tteecnuq
1229 5371 1348 5441 Sicilia
1367 5374 1598 5445 monstrifica.
1679 5371 1740 5440 Vs.
1756 5368 1842 5440 591.
1861 5373 2115 5460 lqnottnooas.
2132 5375 2199 5439 uiri

256 5502 341 5556 teter.
361 5505 397 5557 ra
410 5507 552 5570 praesum
567 5452 746 5575 niuemque,
1229 5470 1525 5547 Achaemenides.
1639 5470 1702 5545 75
1726 5470 1814 5545 595.
1857 5479 1901 5544 Et
1933 5475 2107 5562 mundam
2132 5486 2199 5543 etc.
